date,year,month,day,day_of_week,week_of_year,meal_type,menu_item,menu_popularity,weather,temperature_c,is_exam_period,is_festival,is_weekend,is_start_semester,is_end_semester,is_monsoon,total_capacity,students_attended,attendance_rate,food_prepared_kg,food_consumed_kg,food_wasted_kg,waste_percentage,cost_per_kg_rs,total_cost_rs,waste_cost_rs,staff_count,serving_duration_mins,student_satisfaction,day_of_week_num,is_monday,is_friday,day_sin,day_cos,month_sin,month_cos,dow_sin,dow_cos,students_lag_1,waste_lag_1,students_lag_7,waste_lag_7,students_lag_14,waste_lag_14,students_same_day_last_week,students_roll_3d_mean,students_roll_3d_std,students_roll_7d_mean,students_roll_7d_std,students_roll_14d_mean,students_roll_14d_std,students_roll_7d_max,students_roll_7d_min,weekend_x_exam,weekend_x_festival,rainy_x_weekend,exam_x_festival,popularity_x_weekend,temp_x_rainy,menu_count_last_7days,menu_historical_avg,menu_historical_std,is_popular_menu,is_unpopular_menu,daily_total_attendance,daily_avg_attendance,pct_of_daily_attendance,week_year,weekly_avg_attendance,special_conditions_count,has_special_condition,is_normal_day,meal_type_avg,deviation_from_meal_avg,pct_deviation_from_meal_avg,dow_avg,deviation_from_dow_avg,temp_deviation
2024-01-15,2024,1,15,Monday,3,Breakfast,Idli-Sambar,3.9,Sunny,25.5,False,False,False,False,False,False,800,441,56.7,169.78,144.54,25.24,14.87,143.17,24308.29,3613.87,9,69,3.78,0,1,0,0.10116832198743272,-0.994869323391895,0.49999999999999994,0.8660254037844387,0.0,1.0,323.0,23.49,419.0,36.49,425.0,36.82,419.0,345.0,87.10912696153025,370.42857142857144,74.16840554408851,374.92857142857144,61.31440323411819,486.0,271.0,0,0,0,0,0.0,0.0,2,457.4418604651163,63.9487526687177,0,0,1418,472.6666666666667,31.100141043723557,2024-03,454.95238095238096,0,0,1,400.19463087248323,40.80536912751677,10.196380955575304,459.8062015503876,-18.806201550387584,-0.9976510067114113
2024-01-15,2024,1,15,Monday,3,Dinner,Roti-Dal,3.3,Sunny,25.5,False,False,False,False,False,False,800,465,54.0,179.03,153.92,25.11,14.02,149.68,26796.39,3758.03,12,87,3.68,0,1,0,0.10116832198743272,-0.994869323391895,0.49999999999999994,0.8660254037844387,0.0,1.0,275.0,16.02,470.0,29.25,459.0,39.68,470.0,357.6666666666667,97.3721383832836,404.57142857142856,78.18537191158191,399.0,80.86646162275565,492.0,275.0,0,0,0,0,0.0,0.0,2,427.6744186046512,62.5028460038621,0,0,1418,472.6666666666667,32.792665726375176,2024-03,454.95238095238096,0,0,1,410.0973154362416,54.902684563758385,13.387721035275632,459.8062015503876,5.193798449612416,-0.9976510067114113
2024-01-15,2024,1,15,Monday,3,Lunch,Rice-Dal-Sabzi,3.4,Sunny,25.5,False,False,False,False,False,False,800,512,62.47,197.12,159.32,37.8,19.18,144.86,28554.07,5476.09,11,63,3.62,0,1,0,0.10116832198743272,-0.994869323391895,0.49999999999999994,0.8660254037844387,0.0,1.0,432.0,24.78,451.0,34.09,498.0,31.78,451.0,453.0,51.79768334587942,496.42857142857144,73.47529549187982,484.57142857142856,76.42866385944909,596.0,415.0,0,0,0,0,0.0,0.0,2,494.30232558139534,69.65374733833367,0,0,1418,472.6666666666667,36.10719322990127,2024-03,454.95238095238096,0,0,1,506.33557046979865,5.664429530201346,1.1187105667780082,459.8062015503876,52.193798449612416,-0.9976510067114113
2024-01-16,2024,1,16,Tuesday,3,Breakfast,Poha,3.7,Sunny,26.6,False,False,False,False,False,False,800,447,56.78,172.09,137.62,34.47,20.03,147.81,25437.3,5095.07,12,79,3.67,1,0,0,-0.10116832198743204,-0.9948693233918952,0.49999999999999994,0.8660254037844387,0.7818314824680298,0.6234898018587336,441.0,25.24,394.0,25.85,422.0,27.33,394.0,403.6666666666667,69.92376801441216,378.0,79.49004130497522,376.7142857142857,63.127987906655605,486.0,271.0,0,0,0,0,0.0,0.0,2,435.7906976744186,71.04142257113264,0,0,1426,475.3333333333333,31.34642356241234,2024-03,454.95238095238096,0,0,1,400.19463087248323,46.80536912751677,11.695651444766805,506.13953488372096,-59.139534883720955,0.10234899328859015
2024-01-16,2024,1,16,Tuesday,3,Dinner,Rice-Rajma,3.8,Sunny,26.6,False,False,False,False,False,False,800,448,62.01,172.48,141.61,30.87,17.9,83.98,14485.14,2592.67,12,50,4.09,1,0,0,-0.10116832198743204,-0.9948693233918952,0.49999999999999994,0.8660254037844387,0.7818314824680298,0.6234898018587336,465.0,25.11,424.0,29.85,499.0,38.81,424.0,396.0,105.13324878457811,408.0,79.69107018146178,395.35714285714283,77.07499558906859,492.0,275.0,0,0,0,0,0.0,0.0,2,498.04651162790697,86.12475820364762,0,0,1426,475.3333333333333,31.416549789621318,2024-03,454.95238095238096,0,0,1,410.0973154362416,37.902684563758385,9.242363492050503,506.13953488372096,-58.139534883720955,0.10234899328859015
2024-01-16,2024,1,16,Tuesday,3,Lunch,Roti-Paneer,4.0,Sunny,26.6,False,False,False,False,False,False,800,531,72.93,204.44,163.8,40.63,19.88,83.51,17072.36,3393.36,11,77,4.26,1,0,0,-0.10116832198743204,-0.9948693233918952,0.49999999999999994,0.8660254037844387,0.7818314824680298,0.6234898018587336,512.0,37.8,590.0,43.9,623.0,36.86,590.0,491.6666666666667,52.53887449625589,488.0,63.68411628237196,478.0,66.98220199885478,596.0,415.0,0,0,0,0,0.0,0.0,4,468.32941176470587,145.08555671570826,0,0,1426,475.3333333333333,37.23702664796634,2024-03,454.95238095238096,0,0,1,506.33557046979865,24.664429530201346,4.871162716717036,506.13953488372096,24.860465116279045,0.10234899328859015
2024-01-17,2024,1,17,Wednesday,3,Breakfast,Upma,3.5,Sunny,30.4,False,False,False,False,False,False,800,471,53.2,181.34,141.24,40.09,22.11,140.33,25446.26,5626.03,11,52,3.92,2,0,0,-0.2993631229733582,-0.9541392564000488,0.49999999999999994,0.8660254037844387,0.9749279121818236,-0.22252093395631434,447.0,34.47,340.0,23.0,421.0,24.35,340.0,453.0,15.874507866387372,396.7142857142857,84.32618076199564,380.2857142857143,67.11463049420466,486.0,271.0,0,0,0,0,0.0,0.0,2,402.1162790697674,78.48482088680939,0,1,1544,514.6666666666666,30.505181347150256,2024-03,454.95238095238096,0,0,1,400.19463087248323,70.80536912751677,17.69273340153281,470.6046511627907,0.3953488372093261,3.9023489932885873
2024-01-17,2024,1,17,Wednesday,3,Dinner,Paratha-Paneer,4.1,Sunny,30.4,False,False,False,False,False,False,800,550,63.84,211.75,176.28,35.47,16.75,119.57,25318.08,4241.07,10,61,4.01,2,0,0,-0.2993631229733582,-0.9541392564000488,0.49999999999999994,0.8660254037844387,0.9749279121818236,-0.22252093395631434,448.0,30.87,492.0,33.96,466.0,30.69,492.0,487.6666666666667,54.64735431229337,416.2857142857143,91.95236862222798,401.35714285714283,85.7757426197991,550.0,275.0,0,0,0,0,0.0,0.0,2,493.16279069767444,94.51730258140397,0,0,1544,514.6666666666666,35.62176165803109,2024-03,454.95238095238096,0,0,1,410.0973154362416,139.90268456375838,34.11450875140128,470.6046511627907,79.39534883720933,3.9023489932885873
2024-01-17,2024,1,17,Wednesday,3,Lunch,Rice-Sambar,3.6,Sunny,30.4,False,False,False,False,False,False,800,523,65.89,201.35,166.02,35.33,17.55,120.52,24268.18,4258.68,8,84,3.61,2,0,0,-0.2993631229733582,-0.9541392564000488,0.49999999999999994,0.8660254037844387,0.9749279121818236,-0.22252093395631434,531.0,40.63,446.0,30.71,481.0,25.71,446.0,522.0,9.539392014169099,499.0,61.84388948527313,481.0,68.05879810869422,596.0,415.0,0,0,0,0,0.0,0.0,2,516.5348837209302,108.15494811506254,0,0,1544,514.6666666666666,33.873056994818654,2024-03,454.95238095238096,0,0,1,506.33557046979865,16.664429530201346,3.2911828641111294,470.6046511627907,52.395348837209326,3.9023489932885873
2024-01-18,2024,1,18,Thursday,3,Breakfast,Dosa,4.6,Cloudy,29.1,False,False,False,False,False,False,800,478,63.2,184.03,146.2,37.83,20.56,107.71,19820.95,4074.67,10,74,4.41,3,0,0,-0.4853019625310808,-0.8743466161445822,0.49999999999999994,0.8660254037844387,0.43388373911755823,-0.900968867902419,471.0,40.09,486.0,30.4,406.0,32.29,486.0,465.3333333333333,16.258331197676103,395.57142857142856,82.95753359974236,385.42857142857144,71.82962136538453,478.0,271.0,0,0,0,0,0.0,0.0,2,496.3488372093023,101.6197121205963,1,0,1598,532.6666666666666,29.912390488110134,2024-03,454.95238095238096,0,0,1,400.19463087248323,77.80536912751677,19.44188230558956,502.8914728682171,-24.89147286821708,2.60234899328859
2024-01-18,2024,1,18,Thursday,3,Dinner,Rice-Curd-Pickle,3.2,Cloudy,29.1,False,False,False,False,False,False,800,468,52.17,180.18,155.55,24.63,13.67,85.13,15338.41,2097.04,9,77,3.41,3,0,0,-0.4853019625310808,-0.8743466161445822,0.49999999999999994,0.8660254037844387,0.43388373911755823,-0.900968867902419,550.0,35.47,386.0,26.29,378.0,30.3,386.0,488.6666666666667,54.04936015655809,428.0,92.67146270562476,407.7857142857143,87.25046049817075,550.0,275.0,0,0,0,0,0.0,0.0,2,405.6046511627907,82.89641830819832,0,1,1598,532.6666666666666,29.28660826032541,2024-03,454.95238095238096,0,0,1,410.0973154362416,57.902684563758385,14.119254719374187,502.8914728682171,-34.89147286821708,2.60234899328859
2024-01-18,2024,1,18,Thursday,3,Lunch,Biryani,4.8,Cloudy,29.1,False,False,False,False,False,False,800,652,79.25,251.02,211.13,39.89,15.89,85.08,21356.28,3393.97,11,84,4.86,3,0,0,-0.4853019625310808,-0.8743466161445822,0.49999999999999994,0.8660254037844387,0.43388373911755823,-0.900968867902419,523.0,35.33,596.0,42.73,518.0,38.43,596.0,568.6666666666666,72.27954989714122,507.0,77.99572637865069,490.57142857142856,81.71499653882792,652.0,415.0,0,0,0,0,0.0,0.0,2,606.7209302325581,110.13462013143287,1,0,1598,532.6666666666666,40.80100125156446,2024-03,454.95238095238096,0,0,1,506.33557046979865,145.66442953020135,28.76835798738137,502.8914728682171,149.10852713178292,2.60234899328859
2024-01-19,2024,1,19,Friday,3,Breakfast,Paratha-Curry,3.7,Rainy,27.9,False,False,False,False,False,False,800,468,52.05,180.18,153.66,26.52,14.72,141.55,25504.28,3754.08,10,63,3.71,4,0,1,-0.651372482722222,-0.7587581226927911,0.49999999999999994,0.8660254037844387,-0.433883739117558,-0.9009688679024191,478.0,37.83,338.0,28.78,368.0,29.05,338.0,472.3333333333333,5.131601439446385,414.14285714285717,82.47106274613051,392.57142857142856,74.87087786081015,478.0,271.0,0,0,0,0,0.0,27.9,2,367.85714285714283,69.70270367033623,0,0,1449,483.0,32.298136645962735,2024-03,454.95238095238096,0,0,1,400.19463087248323,67.80536912751677,16.943098156937058,432.13492063492066,35.86507936507934,1.4023489932885873
2024-01-19,2024,1,19,Friday,3,Dinner,Noodles,4.2,Rainy,27.9,False,False,False,False,False,False,800,521,61.13,200.59,167.18,33.41,16.66,118.82,23833.94,3969.73,8,53,4.11,4,0,1,-0.651372482722222,-0.7587581226927911,0.49999999999999994,0.8660254037844387,-0.433883739117558,-0.9009688679024191,468.0,24.63,457.0,25.87,374.0,22.19,457.0,513.0,41.58124577258352,437.14285714285717,98.95357256718691,418.2857142857143,91.60821979531057,550.0,275.0,0,0,0,0,0.0,27.9,2,427.35714285714283,84.50424189917749,0,0,1449,483.0,35.955831608005525,2024-03,454.95238095238096,0,0,1,410.0973154362416,110.90268456375838,27.043016471781943,432.13492063492066,88.86507936507934,1.4023489932885873
2024-01-19,2024,1,19,Friday,3,Lunch,Chole-Bhature,4.5,Rainy,27.9,False,False,False,False,False,False,800,460,72.93,177.1,150.27,26.83,15.15,129.25,22889.78,3467.29,12,86,4.44,4,0,1,-0.651372482722222,-0.7587581226927911,0.49999999999999994,0.8660254037844387,-0.433883739117558,-0.9009688679024191,652.0,39.89,484.0,37.63,466.0,37.19,484.0,545.0,97.87236586493654,503.57142857142856,79.6844969088659,490.14285714285717,81.86936793815748,652.0,415.0,0,0,0,0,0.0,27.9,2,501.1904761904762,97.64825828507733,1,0,1449,483.0,31.746031746031743,2024-03,454.95238095238096,0,0,1,506.33557046979865,-46.335570469798654,-9.151158475160383,432.13492063492066,27.86507936507934,1.4023489932885873
2024-01-20,2024,1,20,Saturday,3,Breakfast,Bread-Omelette,3.9,Cloudy,28.3,False,False,True,False,False,False,800,324,41.58,124.74,104.81,19.93,15.98,90.88,11336.54,1811.36,10,83,3.87,5,0,0,-0.7907757369376986,-0.6121059825476627,0.49999999999999994,0.8660254037844387,-0.9749279121818236,-0.2225209339563146,468.0,26.52,271.0,22.79,310.0,19.34,271.0,423.3333333333333,86.17037387254001,421.7142857142857,68.36596201257441,393.57142857142856,73.76857188398186,478.0,323.0,0,0,0,0,3.9,0.0,2,320.9761904761905,53.05978592771122,0,0,1058,352.6666666666667,30.623818525519848,2024-03,454.95238095238096,1,1,0,400.19463087248323,-76.19463087248323,-19.03939358365896,361.4761904761905,-37.47619047619048,1.8023489932885894
2024-01-20,2024,1,20,Saturday,3,Dinner,Roti-Paneer,4.0,Cloudy,28.3,False,False,True,False,False,False,800,305,45.38,117.43,100.4,17.02,14.5,139.23,16348.76,2370.07,8,85,4.04,5,0,0,-0.7907757369376986,-0.6121059825476627,0.49999999999999994,0.8660254037844387,-0.9749279121818236,-0.2225209339563146,521.0,33.41,333.0,25.18,304.0,20.87,333.0,431.3333333333333,112.57145878655622,433.14285714285717,104.28714937042592,418.35714285714283,91.51259446139062,550.0,275.0,0,0,0,0,4.0,0.0,5,468.32941176470587,145.08555671570826,0,0,1058,352.6666666666667,28.827977315689978,2024-03,454.95238095238096,1,1,0,410.0973154362416,-105.09731543624162,-25.627408783313832,361.4761904761905,-56.47619047619048,1.8023489932885894
2024-01-20,2024,1,20,Saturday,3,Lunch,Fried Rice,4.2,Cloudy,28.3,False,False,True,False,False,False,800,429,53.3,165.16,132.78,32.39,19.61,128.12,21161.73,4149.85,10,77,4.21,5,0,0,-0.7907757369376986,-0.6121059825476627,0.49999999999999994,0.8660254037844387,-0.9749279121818236,-0.2225209339563146,460.0,26.83,415.0,25.72,407.0,26.46,415.0,513.6666666666666,120.7987306776579,505.57142857142856,77.22878811871728,491.7142857142857,80.3477332708163,652.0,429.0,0,0,0,0,4.2,0.0,2,414.14285714285717,69.65159687857265,0,0,1058,352.6666666666667,40.54820415879017,2024-03,454.95238095238096,1,1,0,506.33557046979865,-77.33557046979865,-15.273580404008271,361.4761904761905,67.52380952380952,1.8023489932885894
2024-01-21,2024,1,21,Sunday,3,Breakfast,Puri-Bhaji,4.3,Sunny,27.3,False,False,True,False,False,False,800,333,40.6,128.21,99.11,29.1,22.7,133.98,17176.69,3898.26,10,55,4.39,6,0,0,-0.8978045395707417,-0.44039415155763423,0.49999999999999994,0.8660254037844387,-0.7818314824680299,0.6234898018587334,324.0,19.93,323.0,23.49,310.0,16.3,323.0,375.0,80.66597795849246,423.14285714285717,66.02380523071102,395.2142857142857,71.99912240002392,478.0,324.0,0,0,0,0,4.3,0.0,2,316.2857142857143,54.82089939478339,1,0,1061,353.6666666666667,31.385485391140435,2024-03,454.95238095238096,1,1,0,400.19463087248323,-67.19463087248323,-16.790487849871706,334.6984126984127,-1.6984126984127101,0.8023489932885894
2024-01-21,2024,1,21,Sunday,3,Dinner,Khichdi,3.0,Sunny,27.3,False,False,True,False,False,False,800,258,33.75,99.33,84.73,14.6,14.7,143.28,14231.51,2091.89,12,47,3.53,6,0,0,-0.8978045395707417,-0.44039415155763423,0.49999999999999994,0.8660254037844387,-0.7818314824680299,0.6234898018587334,305.0,17.02,275.0,16.02,263.0,19.5,275.0,361.3333333333333,140.2580954288676,430.7142857142857,108.68872110406902,418.0,92.1729144263441,550.0,258.0,0,0,0,0,3.0,0.0,2,265.14285714285717,46.54165269454953,0,1,1061,353.6666666666667,24.31668237511781,2024-03,454.95238095238096,1,1,0,410.0973154362416,-152.09731543624162,-37.08810316752449,334.6984126984127,-76.69841269841271,0.8023489932885894
2024-01-21,2024,1,21,Sunday,3,Lunch,Rice-Chicken,4.7,Sunny,27.3,False,False,True,False,False,False,800,470,52.7,180.95,148.9,32.05,17.71,109.94,19893.3,3523.5,8,52,4.37,6,0,0,-0.8978045395707417,-0.44039415155763423,0.49999999999999994,0.8660254037844387,-0.7818314824680299,0.6234898018587334,429.0,32.39,432.0,24.78,363.0,29.82,432.0,453.0,21.377558326431682,511.0,72.37863404808549,499.35714285714283,71.79630067913523,652.0,429.0,0,0,0,0,4.7,0.0,2,422.6666666666667,73.28350117670038,1,0,1061,353.6666666666667,44.29783223374175,2024-03,454.95238095238096,1,1,0,506.33557046979865,-36.335570469798654,-7.176183659403,334.6984126984127,135.3015873015873,0.8023489932885894
2024-01-22,2024,1,22,Monday,4,Breakfast,Idli-Sambar,3.9,Sunny,25.6,False,False,False,False,False,False,800,434,56.7,167.09,131.36,35.73,21.38,88.92,14857.84,3176.75,10,68,4.18,0,1,0,-0.9680771188662041,-0.2506525322587213,0.49999999999999994,0.8660254037844387,0.0,1.0,333.0,29.1,441.0,25.24,419.0,36.49,441.0,363.6666666666667,61.07645481962198,422.14285714285717,65.76074961917782,396.2857142857143,72.49024185940593,478.0,324.0,0,0,0,0,0.0,0.0,3,457.4418604651163,63.9487526687177,0,0,1412,470.6666666666667,30.73654390934844,2024-04,409.4761904761905,0,0,1,400.19463087248323,33.80536912751677,8.447232051518554,459.8062015503876,-25.806201550387584,-0.8976510067114098
2024-01-22,2024,1,22,Monday,4,Dinner,Roti-Dal,3.3,Sunny,25.6,False,False,False,False,False,False,800,443,54.0,170.56,142.13,28.42,16.66,104.76,17866.92,2977.39,12,71,3.8,0,1,0,-0.9680771188662041,-0.2506525322587213,0.49999999999999994,0.8660254037844387,0.0,1.0,258.0,14.6,465.0,25.11,470.0,29.25,465.0,335.3333333333333,96.15785632663264,427.57142857142856,107.8468932373686,416.07142857142856,91.27933820102761,550.0,258.0,0,0,0,0,0.0,0.0,3,427.6744186046512,62.5028460038621,0,0,1412,470.6666666666667,31.373937677053824,2024-04,409.4761904761905,0,0,1,410.0973154362416,32.902684563758385,8.023140685219582,459.8062015503876,-16.806201550387584,-0.8976510067114098
2024-01-22,2024,1,22,Monday,4,Lunch,Rice-Dal-Sabzi,3.4,Sunny,25.6,False,False,False,False,False,False,800,535,62.47,205.98,174.07,31.91,15.49,140.25,28887.83,4474.67,10,58,3.74,0,1,0,-0.9680771188662041,-0.2506525322587213,0.49999999999999994,0.8660254037844387,0.0,1.0,470.0,32.05,512.0,37.8,451.0,34.09,512.0,478.0,53.450912059571,514.2857142857143,72.9513862918641,505.35714285714283,70.9491769810314,652.0,429.0,0,0,0,0,0.0,0.0,3,494.30232558139534,69.65374733833367,0,0,1412,470.6666666666667,37.889518413597735,2024-04,409.4761904761905,0,0,1,506.33557046979865,28.664429530201346,5.661152643019989,459.8062015503876,75.19379844961242,-0.8976510067114098
2024-01-23,2024,1,23,Tuesday,4,Breakfast,Poha,3.7,Cloudy,26.4,False,False,False,False,False,False,800,472,56.78,181.72,155.71,26.01,14.31,96.57,17548.99,2511.48,9,56,4.04,1,0,0,-0.9987165071710528,-0.05064916883871355,0.49999999999999994,0.8660254037844387,0.7818314824680298,0.6234898018587336,434.0,35.73,447.0,34.47,394.0,25.85,447.0,413.0,71.84010022264718,425.7142857142857,67.97723708643039,401.85714285714283,75.24611632488433,478.0,324.0,0,0,0,0,0.0,0.0,3,435.7906976744186,71.04142257113264,0,0,1593,531.0,29.629629629629626,2024-04,409.4761904761905,0,0,1,400.19463087248323,71.80536912751677,17.942611816398056,506.13953488372096,-34.139534883720955,-0.09765100671141269
2024-01-23,2024,1,23,Tuesday,4,Dinner,Rice-Rajma,3.8,Cloudy,26.4,False,False,False,False,False,False,800,534,62.01,205.59,175.01,30.58,14.87,136.75,28114.94,4181.29,10,55,4.06,1,0,0,-0.9987165071710528,-0.05064916883871355,0.49999999999999994,0.8660254037844387,0.7818314824680298,0.6234898018587336,443.0,28.42,448.0,30.87,424.0,29.85,448.0,411.6666666666667,140.64257297608475,439.85714285714283,115.20912662260253,423.92857142857144,96.59388759584697,550.0,258.0,0,0,0,0,0.0,0.0,3,498.04651162790697,86.12475820364762,0,0,1593,531.0,33.52165725047081,2024-04,409.4761904761905,0,0,1,410.0973154362416,123.90268456375838,30.21299576954234,506.13953488372096,27.860465116279045,-0.09765100671141269
2024-01-23,2024,1,23,Tuesday,4,Lunch,Roti-Paneer,4.0,Cloudy,26.4,False,False,False,False,False,False,800,587,72.93,226.0,175.14,50.85,22.5,131.56,29731.79,6690.23,10,71,4.21,1,0,0,-0.9987165071710528,-0.05064916883871355,0.49999999999999994,0.8660254037844387,0.7818314824680298,0.6234898018587336,535.0,31.91,531.0,40.63,590.0,43.9,531.0,530.6666666666666,58.62024678669765,522.2857142857143,77.98656783001019,505.14285714285717,70.67787940623742,652.0,429.0,0,0,0,0,0.0,0.0,6,468.32941176470587,145.08555671570826,0,0,1593,531.0,36.848713119899564,2024-04,409.4761904761905,0,0,1,506.33557046979865,80.66442953020135,15.93102168495838,506.13953488372096,80.86046511627904,-0.09765100671141269
2024-01-24,2024,1,24,Wednesday,4,Breakfast,Upma,3.5,Sunny,25.9,False,False,False,False,False,False,800,413,53.2,159.0,135.47,23.53,14.8,140.1,22276.84,3296.64,9,57,3.87,2,0,0,-0.9884683243281114,0.15142777750457667,0.49999999999999994,0.8660254037844387,0.9749279121818236,-0.22252093395631434,472.0,26.01,471.0,40.09,340.0,23.0,471.0,439.6666666666667,29.905406423142367,417.42857142857144,65.00732559452345,407.07142857142856,73.12945769262606,478.0,324.0,0,0,0,0,0.0,0.0,3,402.1162790697674,78.48482088680939,0,1,1373,457.6666666666667,30.080116533139112,2024-04,409.4761904761905,0,0,1,400.19463087248323,12.80536912751677,3.199785339348301,470.6046511627907,-57.604651162790674,-0.5976510067114127
2024-01-24,2024,1,24,Wednesday,4,Dinner,Paratha-Paneer,4.1,Sunny,25.9,False,False,False,False,False,False,800,450,63.84,173.25,136.92,36.33,20.97,102.98,17841.0,3741.53,8,62,4.08,2,0,0,-0.9884683243281114,0.15142777750457667,0.49999999999999994,0.8660254037844387,0.9749279121818236,-0.22252093395631434,534.0,30.58,550.0,35.47,492.0,33.96,550.0,475.6666666666667,50.63924696649154,425.57142857142856,105.02516705192959,420.92857142857144,94.95542621163345,534.0,258.0,0,0,0,0,0.0,0.0,3,493.16279069767444,94.51730258140397,0,0,1373,457.6666666666667,32.77494537509104,2024-04,409.4761904761905,0,0,1,410.0973154362416,39.902684563758385,9.73005261478287,470.6046511627907,-20.604651162790674,-0.5976510067114127
2024-01-24,2024,1,24,Wednesday,4,Lunch,Rice-Sambar,3.6,Sunny,25.9,False,False,False,False,False,False,800,510,65.89,196.35,159.94,36.41,18.54,101.36,19902.7,3690.5,9,59,3.58,2,0,0,-0.9884683243281114,0.15142777750457667,0.49999999999999994,0.8660254037844387,0.9749279121818236,-0.22252093395631434,587.0,50.85,523.0,35.33,446.0,30.71,523.0,544.0,39.28103868280476,520.4285714285714,78.12139515492794,509.7142857142857,68.5974080822621,652.0,429.0,0,0,0,0,0.0,0.0,3,516.5348837209302,108.15494811506254,0,0,1373,457.6666666666667,37.144938091769845,2024-04,409.4761904761905,0,0,1,506.33557046979865,3.664429530201346,0.7237156036265316,470.6046511627907,39.395348837209326,-0.5976510067114127
2024-01-25,2024,1,25,Thursday,4,Breakfast,Dosa,4.6,Sunny,28.9,False,False,False,False,False,False,800,515,63.2,198.28,165.46,32.81,16.55,139.06,27571.38,4563.02,10,46,4.32,3,0,0,-0.9377521321470804,0.3473052528448203,0.49999999999999994,0.8660254037844387,0.43388373911755823,-0.900968867902419,413.0,23.53,478.0,37.83,486.0,30.4,478.0,466.6666666666667,51.208723215223046,422.7142857142857,71.89277730461826,409.14285714285717,75.89553259666783,515.0,324.0,0,0,0,0,0.0,0.0,3,496.3488372093023,101.6197121205963,1,0,1558,519.3333333333334,33.05519897304236,2024-04,409.4761904761905,0,0,1,400.19463087248323,114.80536912751677,28.687383655603817,502.8914728682171,12.108527131782921,2.4023489932885873
2024-01-25,2024,1,25,Thursday,4,Dinner,Rice-Curd-Pickle,3.2,Sunny,28.9,False,False,False,False,False,False,800,409,52.17,157.46,127.9,29.57,18.78,131.0,20627.62,3873.19,10,72,3.56,3,0,0,-0.9377521321470804,0.3473052528448203,0.49999999999999994,0.8660254037844387,0.43388373911755823,-0.900968867902419,450.0,36.33,468.0,24.63,386.0,26.29,468.0,464.3333333333333,63.72074492136232,417.14285714285717,103.40765376481015,422.57142857142856,94.50251464762867,534.0,258.0,0,0,0,0,0.0,0.0,3,405.6046511627907,82.89641830819832,0,1,1558,519.3333333333334,26.251604621309372,2024-04,409.4761904761905,0,0,1,410.0973154362416,-1.0973154362416153,-0.2675744012306797,502.8914728682171,-93.89147286821708,2.4023489932885873
2024-01-25,2024,1,25,Thursday,4,Lunch,Biryani,4.8,Sunny,28.9,False,False,False,False,False,False,800,634,79.25,244.09,210.15,33.94,13.91,92.5,22578.26,3139.61,10,47,4.46,3,0,0,-0.9377521321470804,0.3473052528448203,0.49999999999999994,0.8660254037844387,0.43388373911755823,-0.900968867902419,510.0,36.41,652.0,39.89,596.0,42.73,652.0,577.0,62.601916903558184,517.8571428571429,73.21072000608613,512.4285714285714,72.89161003288935,634.0,429.0,0,0,0,0,0.0,0.0,3,606.7209302325581,110.13462013143287,1,0,1558,519.3333333333334,40.693196405648266,2024-04,409.4761904761905,0,0,1,506.33557046979865,127.66442953020135,25.21340331901808,502.8914728682171,131.10852713178292,2.4023489932885873
2024-01-26,2024,1,26,Friday,4,Breakfast,Paratha-Curry,3.7,Sunny,23.8,False,True,False,False,False,False,800,145,18.93,55.83,45.09,10.73,19.23,120.36,6719.16,1291.79,10,47,3.96,4,0,1,-0.8486442574947509,0.5289640103269624,0.49999999999999994,0.8660254037844387,-0.433883739117558,-0.9009688679024191,515.0,32.81,468.0,26.52,338.0,28.78,468.0,357.6666666666667,191.10555547480385,376.57142857142856,123.2759197124579,395.35714285714283,102.6312346689366,515.0,145.0,0,0,0,0,0.0,0.0,3,367.85714285714283,69.70270367033623,0,0,516,172.0,28.100775193798448,2024-04,409.4761904761905,1,1,0,400.19463087248323,-255.19463087248323,-63.76762984453873,432.13492063492066,-287.13492063492066,-2.6976510067114106
2024-01-26,2024,1,26,Friday,4,Dinner,Noodles,4.2,Sunny,23.8,False,True,False,False,False,False,800,165,22.23,63.52,53.37,10.15,15.98,126.94,8064.12,1288.83,10,72,4.02,4,0,1,-0.8486442574947509,0.5289640103269624,0.49999999999999994,0.8660254037844387,-0.433883739117558,-0.9009688679024191,409.0,29.57,521.0,33.41,457.0,25.87,521.0,341.3333333333333,154.0789840741862,366.2857142857143,128.3507100171431,401.7142857142857,116.0791696488807,534.0,165.0,0,0,0,0,0.0,0.0,3,427.35714285714283,84.50424189917749,0,0,516,172.0,31.976744186046513,2024-04,409.4761904761905,1,1,0,410.0973154362416,-245.09731543624162,-59.765647374579615,432.13492063492066,-267.13492063492066,-2.6976510067114106
2024-01-26,2024,1,26,Friday,4,Lunch,Chole-Bhature,4.5,Sunny,23.8,False,True,False,False,False,False,800,206,26.52,79.31,61.3,18.01,22.71,144.79,11483.32,2608.08,12,88,4.52,4,0,1,-0.8486442574947509,0.5289640103269624,0.49999999999999994,0.8660254037844387,-0.433883739117558,-0.9009688679024191,634.0,33.94,460.0,26.83,484.0,37.63,460.0,450.0,220.21807373601288,481.57142857142856,139.5526867564806,492.57142857142856,109.76948874500904,634.0,206.0,0,0,0,0,0.0,0.0,3,501.1904761904762,97.64825828507733,1,0,516,172.0,39.922480620155035,2024-04,409.4761904761905,1,1,0,506.33557046979865,-300.33557046979865,-59.315518795397914,432.13492063492066,-226.13492063492066,-2.6976510067114106
2024-01-27,2024,1,27,Saturday,4,Breakfast,Bread-Omelette,3.9,Cloudy,27.5,False,False,True,False,False,False,800,342,41.58,131.67,105.7,25.97,19.73,101.97,13426.93,2648.52,8,64,4.01,5,0,0,-0.72479278722912,0.6889669190756865,0.49999999999999994,0.8660254037844387,-0.9749279121818236,-0.2225209339563146,145.0,10.73,324.0,19.93,271.0,22.79,324.0,334.0,185.129684275645,379.14285714285717,122.1794153031087,400.42857142857144,97.64670563249496,515.0,145.0,0,0,0,0,3.9,0.0,3,320.9761904761905,53.05978592771122,0,0,1200,400.0,28.499999999999996,2024-04,409.4761904761905,1,1,0,400.19463087248323,-58.19463087248323,-14.54158211608446,361.4761904761905,-19.47619047619048,1.0023489932885887
2024-01-27,2024,1,27,Saturday,4,Dinner,Roti-Paneer,4.0,Cloudy,27.5,False,False,True,False,False,False,800,368,45.38,141.68,114.9,26.78,18.91,145.83,20660.55,3905.88,9,84,4.11,5,0,0,-0.72479278722912,0.6889669190756865,0.49999999999999994,0.8660254037844387,-0.9749279121818236,-0.2225209339563146,165.0,10.15,305.0,17.02,333.0,25.18,305.0,314.0,130.65603698260554,375.2857142857143,125.51455995981004,404.2142857142857,114.8558819842224,534.0,165.0,0,0,0,0,4.0,0.0,7,468.32941176470587,145.08555671570826,0,0,1200,400.0,30.666666666666664,2024-04,409.4761904761905,1,1,0,410.0973154362416,-42.097315436241615,-10.26520141724423,361.4761904761905,6.523809523809518,1.0023489932885887
2024-01-27,2024,1,27,Saturday,4,Lunch,Fried Rice,4.2,Cloudy,27.5,False,False,True,False,False,False,800,490,53.3,188.65,157.21,31.44,16.66,102.83,19399.41,3232.84,10,80,4.05,5,0,0,-0.72479278722912,0.6889669190756865,0.49999999999999994,0.8660254037844387,-0.9749279121818236,-0.2225209339563146,206.0,18.01,429.0,32.39,415.0,25.72,429.0,443.3333333333333,217.78276638277268,490.2857142857143,137.61384897084827,497.92857142857144,107.49916943200739,634.0,206.0,0,0,0,0,4.2,0.0,3,414.14285714285717,69.65159687857265,0,0,1200,400.0,40.833333333333336,2024-04,409.4761904761905,1,1,0,506.33557046979865,-16.335570469798654,-3.226234027888234,361.4761904761905,128.52380952380952,1.0023489932885887
2024-01-28,2024,1,28,Sunday,4,Breakfast,Puri-Bhaji,4.3,Sunny,28.8,False,False,True,False,False,False,800,322,40.6,123.97,105.19,18.78,15.15,101.27,12554.6,1901.76,9,72,4.41,6,0,0,-0.5712682150947924,0.8207634412072763,0.49999999999999994,0.8660254037844387,-0.7818314824680299,0.6234898018587334,342.0,25.97,333.0,29.1,323.0,23.49,333.0,269.6666666666667,108.42662649613943,377.57142857142856,122.94017127971517,400.35714285714283,97.7080479661867,515.0,145.0,0,0,0,0,4.3,0.0,3,316.2857142857143,54.82089939478339,1,0,947,315.6666666666667,34.00211193241816,2024-04,409.4761904761905,1,1,0,400.19463087248323,-78.19463087248323,-19.53915041338946,334.6984126984127,-12.69841269841271,2.3023489932885894
2024-01-28,2024,1,28,Sunday,4,Dinner,Khichdi,3.0,Sunny,28.8,False,False,True,False,False,False,800,269,33.75,103.56,84.84,18.72,18.08,135.56,14039.42,2538.36,9,87,3.19,6,0,0,-0.5712682150947924,0.8207634412072763,0.49999999999999994,0.8660254037844387,-0.7818314824680299,0.6234898018587334,368.0,26.78,258.0,14.6,275.0,16.02,258.0,267.3333333333333,101.51026220699718,376.85714285714283,123.85936725634782,403.7857142857143,115.38509340560323,534.0,165.0,0,0,0,0,3.0,0.0,3,265.14285714285717,46.54165269454953,0,1,947,315.6666666666667,28.405491024287223,2024-04,409.4761904761905,1,1,0,410.0973154362416,-141.09731543624162,-34.40581299249646,334.6984126984127,-65.69841269841271,2.3023489932885894
2024-01-28,2024,1,28,Sunday,4,Lunch,Rice-Chicken,4.7,Sunny,28.8,False,False,True,False,False,False,800,356,52.7,137.06,113.47,23.59,17.21,102.56,14056.52,2419.43,11,73,4.64,6,0,0,-0.5712682150947924,0.8207634412072763,0.49999999999999994,0.8660254037844387,-0.7818314824680299,0.6234898018587334,490.0,31.44,470.0,32.05,432.0,24.78,470.0,350.6666666666667,142.07509751301717,474.0,146.850263874465,492.5,112.86939354847267,634.0,206.0,0,0,0,0,4.7,0.0,3,422.6666666666667,73.28350117670038,1,0,947,315.6666666666667,37.59239704329461,2024-04,409.4761904761905,1,1,0,506.33557046979865,-150.33557046979865,-29.690896559037167,334.6984126984127,21.30158730158729,2.3023489932885894
2024-01-29,2024,1,29,Monday,5,Breakfast,Idli-Sambar,3.9,Sunny,28.2,False,False,False,False,False,False,800,542,56.7,208.67,173.25,35.42,16.97,103.46,21589.66,3664.47,9,88,3.92,0,1,0,-0.3943558551133187,0.9189578116202306,0.49999999999999994,0.8660254037844387,0.0,1.0,322.0,18.78,434.0,35.73,441.0,25.24,434.0,402.0,121.65525060596435,393.0,137.1568445247994,407.57142857142856,104.4367414611973,542.0,145.0,0,0,0,0,0.0,0.0,4,457.4418604651163,63.9487526687177,0,0,1475,491.6666666666667,36.7457627118644,2024-05,458.04761904761904,0,0,1,400.19463087248323,141.80536912751677,35.434100856965564,459.8062015503876,82.19379844961242,1.702348993288588
2024-01-29,2024,1,29,Monday,5,Dinner,Roti-Dal,3.3,Sunny,28.2,False,False,False,False,False,False,800,442,54.0,170.17,140.95,29.22,17.17,133.79,22767.77,3909.28,11,71,3.76,0,1,0,-0.3943558551133187,0.9189578116202306,0.49999999999999994,0.8660254037844387,0.0,1.0,269.0,18.72,443.0,28.42,465.0,25.11,443.0,359.6666666666667,86.8005376327435,376.7142857142857,123.770909729379,402.14285714285717,114.6075961657913,534.0,165.0,0,0,0,0,0.0,0.0,4,427.6744186046512,62.5028460038621,0,0,1475,491.6666666666667,29.966101694915253,2024-05,458.04761904761904,0,0,1,410.0973154362416,31.902684563758385,7.779296123853398,459.8062015503876,-17.806201550387584,1.702348993288588
2024-01-29,2024,1,29,Monday,5,Lunch,Rice-Dal-Sabzi,3.4,Sunny,28.2,False,False,False,False,False,False,800,491,62.47,189.03,159.93,29.1,15.39,90.31,17072.65,2628.32,8,60,3.87,0,1,0,-0.3943558551133187,0.9189578116202306,0.49999999999999994,0.8660254037844387,0.0,1.0,356.0,23.59,535.0,31.91,512.0,37.8,535.0,445.6666666666667,77.65522090196728,467.7142857142857,144.73045554376165,491.0,112.72976536833563,634.0,206.0,0,0,0,0,0.0,0.0,4,494.30232558139534,69.65374733833367,0,0,1475,491.6666666666667,33.28813559322034,2024-05,458.04761904761904,0,0,1,506.33557046979865,-15.335570469798654,-3.028736546312496,459.8062015503876,31.193798449612416,1.702348993288588
2024-01-30,2024,1,30,Tuesday,5,Breakfast,Poha,3.7,Sunny,27.9,False,False,False,False,False,False,800,411,56.78,158.24,132.61,25.63,16.2,106.88,16911.92,2739.2,11,60,3.71,1,0,0,-0.20129852008866114,0.9795299412524943,0.49999999999999994,0.8660254037844387,0.7818314824680298,0.6234898018587336,542.0,35.42,472.0,26.01,447.0,34.47,472.0,425.0,110.66616465749587,384.2857142857143,133.18122275770745,405.0,103.83270568193227,542.0,145.0,0,0,0,0,0.0,0.0,4,435.7906976744186,71.04142257113264,0,0,1572,524.0,26.14503816793893,2024-05,458.04761904761904,0,0,1,400.19463087248323,10.80536912751677,2.7000285096178014,506.13953488372096,-95.13953488372096,1.4023489932885873
2024-01-30,2024,1,30,Tuesday,5,Dinner,Rice-Rajma,3.8,Sunny,27.9,False,False,False,False,False,False,800,525,62.01,202.13,170.96,31.16,15.42,128.71,26016.28,4010.98,11,48,3.96,1,0,0,-0.20129852008866114,0.9795299412524943,0.49999999999999994,0.8660254037844387,0.7818314824680298,0.6234898018587336,442.0,29.22,534.0,30.58,448.0,30.87,534.0,412.0,130.6101068064795,375.42857142857144,121.89730259916487,407.64285714285717,118.75029207598551,525.0,165.0,0,0,0,0,0.0,0.0,4,498.04651162790697,86.12475820364762,0,0,1572,524.0,33.396946564885496,2024-05,458.04761904761904,0,0,1,410.0973154362416,114.90268456375838,28.018394717246682,506.13953488372096,18.860465116279045,1.4023489932885873
2024-01-30,2024,1,30,Tuesday,5,Lunch,Roti-Paneer,4.0,Sunny,27.9,False,False,False,False,False,False,800,636,72.93,244.86,204.52,40.34,16.48,142.49,34889.17,5748.4,8,72,3.95,1,0,0,-0.20129852008866114,0.9795299412524943,0.49999999999999994,0.8660254037844387,0.7818314824680298,0.6234898018587336,491.0,29.1,587.0,50.85,531.0,40.63,587.0,494.3333333333333,140.02975874196648,474.7142857142857,152.44093313555288,498.5,118.9186858578325,636.0,206.0,0,0,0,0,0.0,0.0,8,468.32941176470587,145.08555671570826,0,0,1572,524.0,40.458015267175576,2024-05,458.04761904761904,0,0,1,506.33557046979865,129.66442953020135,25.60839828216956,506.13953488372096,129.86046511627904,1.4023489932885873
2024-01-31,2024,1,31,Wednesday,5,Breakfast,Upma,3.5,Rainy,30.4,False,False,False,False,False,False,800,433,58.52,166.7,130.66,36.05,21.62,89.33,14892.38,3220.33,11,87,3.74,2,0,0,-2.4492935982947064e-16,1.0,0.49999999999999994,0.8660254037844387,0.9749279121818236,-0.22252093395631434,411.0,25.63,413.0,23.53,471.0,40.09,413.0,462.0,70.14983962918225,387.14285714285717,134.11118344049282,402.2857142857143,102.4623222093247,542.0,145.0,0,0,0,0,0.0,30.4,4,402.1162790697674,78.48482088680939,0,1,1574,524.6666666666666,27.509529860228714,2024-05,458.04761904761904,0,0,1,400.19463087248323,32.80536912751677,8.197353636653304,470.6046511627907,-37.604651162790674,3.9023489932885873
2024-01-31,2024,1,31,Wednesday,5,Dinner,Paratha-Paneer,4.1,Rainy,30.4,False,False,False,False,False,False,800,498,70.22,191.73,163.7,28.03,14.62,109.87,21065.73,3079.39,12,73,4.32,2,0,0,-2.4492935982947064e-16,1.0,0.49999999999999994,0.8660254037844387,0.9749279121818236,-0.22252093395631434,525.0,31.16,450.0,36.33,550.0,35.47,450.0,488.3333333333333,42.335957923889225,382.2857142857143,127.98921085481419,403.92857142857144,114.69924839517294,525.0,165.0,0,0,0,0,0.0,30.4,4,493.16279069767444,94.51730258140397,0,0,1574,524.6666666666666,31.639135959339264,2024-05,458.04761904761904,0,0,1,410.0973154362416,87.90268456375838,21.43459156035971,470.6046511627907,27.395348837209326,3.9023489932885873
2024-01-31,2024,1,31,Wednesday,5,Lunch,Rice-Sambar,3.6,Rainy,30.4,False,False,False,False,False,False,800,643,72.48,247.56,203.87,43.68,17.65,102.21,25302.81,4464.97,11,84,3.94,2,0,0,-2.4492935982947064e-16,1.0,0.49999999999999994,0.8660254037844387,0.9749279121818236,-0.22252093395631434,636.0,40.34,510.0,36.41,523.0,35.33,510.0,590.0,85.80792504192144,493.7142857142857,165.31657941226416,507.07142857142856,124.99013147858102,643.0,206.0,0,0,0,0,0.0,30.4,4,516.5348837209302,108.15494811506254,0,0,1574,524.6666666666666,40.85133418043202,2024-05,458.04761904761904,0,0,1,506.33557046979865,136.66442953020135,26.990880653199724,470.6046511627907,172.39534883720933,3.9023489932885873
2024-02-01,2024,2,1,Thursday,5,Breakfast,Dosa,4.6,Cloudy,29.8,False,False,False,False,False,False,800,593,63.2,228.31,186.27,42.04,18.41,98.14,22406.63,4125.52,9,85,4.39,3,0,0,0.20129852008866006,0.9795299412524945,0.8660254037844386,0.5000000000000001,0.43388373911755823,-0.900968867902419,433.0,36.05,515.0,32.81,478.0,37.83,515.0,479.0,99.33780750550109,398.2857142857143,148.9269555696285,410.5,113.06073929189907,593.0,145.0,0,0,0,0,0.0,0.0,4,496.3488372093023,101.6197121205963,1,0,1574,524.6666666666666,37.67471410419314,2024-05,458.04761904761904,0,0,1,400.19463087248323,192.80536912751677,48.17790001509332,502.8914728682171,90.10852713178292,3.3023489932885894
2024-02-01,2024,2,1,Thursday,5,Dinner,Rice-Curd-Pickle,3.2,Cloudy,29.8,False,False,False,False,False,False,800,398,52.17,153.23,128.34,24.89,16.24,96.41,14773.6,2399.31,10,65,3.69,3,0,0,0.20129852008866006,0.9795299412524945,0.8660254037844386,0.5000000000000001,0.43388373911755823,-0.900968867902419,498.0,28.03,409.0,29.57,468.0,24.63,409.0,473.6666666666667,66.90540586031386,380.7142857142857,127.67369121542394,398.92857142857144,113.20740957383305,525.0,165.0,0,0,0,0,0.0,0.0,4,405.6046511627907,82.89641830819832,0,1,1574,524.6666666666666,25.285895806861497,2024-05,458.04761904761904,0,0,1,410.0973154362416,-12.097315436241615,-2.9498645762587055,502.8914728682171,-104.89147286821708,3.3023489932885894
2024-02-01,2024,2,1,Thursday,5,Lunch,Biryani,4.8,Cloudy,29.8,False,False,False,False,False,False,800,583,79.25,224.46,189.31,35.14,15.66,113.92,25570.32,4003.67,9,62,4.61,3,0,0,0.20129852008866006,0.9795299412524945,0.8660254037844386,0.5000000000000001,0.43388373911755823,-0.900968867902419,643.0,43.68,634.0,33.94,652.0,39.89,634.0,620.6666666666666,32.807519463277615,486.42857142857144,159.11092267435862,502.14285714285717,120.10050736001024,643.0,206.0,0,0,0,0,0.0,0.0,4,606.7209302325581,110.13462013143287,1,0,1574,524.6666666666666,37.03939008894536,2024-05,458.04761904761904,0,0,1,506.33557046979865,76.66442953020135,15.141031758655426,502.8914728682171,80.10852713178292,3.3023489932885894
2024-02-02,2024,2,2,Friday,5,Breakfast,Paratha-Curry,3.7,Sunny,28.3,False,False,False,False,False,False,800,362,47.32,139.37,109.61,29.76,21.36,106.81,14886.45,3179.16,9,90,3.74,4,0,1,0.39435585511331855,0.9189578116202306,0.8660254037844386,0.5000000000000001,-0.433883739117558,-0.9009688679024191,593.0,42.04,145.0,10.73,468.0,26.52,145.0,462.6666666666667,118.32300424403246,429.2857142857143,102.88458628598413,402.92857142857144,112.4615929555948,593.0,322.0,0,0,0,0,0.0,0.0,4,367.85714285714283,69.70270367033623,0,0,1272,424.0,28.459119496855344,2024-05,458.04761904761904,0,0,1,400.19463087248323,-38.19463087248323,-9.544013818779455,432.13492063492066,-70.13492063492066,1.8023489932885894
2024-02-02,2024,2,2,Friday,5,Dinner,Noodles,4.2,Sunny,28.3,False,False,False,False,False,False,800,446,55.58,171.71,145.69,26.02,15.16,107.26,18418.19,2791.38,12,89,4.0,4,0,1,0.39435585511331855,0.9189578116202306,0.8660254037844386,0.5000000000000001,-0.433883739117558,-0.9009688679024191,398.0,24.89,165.0,10.15,521.0,33.41,165.0,447.3333333333333,50.01333155602936,420.85714285714283,85.88059262997774,393.57142857142856,108.67008242007925,525.0,269.0,0,0,0,0,0.0,0.0,4,427.35714285714283,84.50424189917749,0,0,1272,424.0,35.062893081761004,2024-05,458.04761904761904,0,0,1,410.0973154362416,35.902684563758385,8.754674369318135,432.13492063492066,13.865079365079339,1.8023489932885894
2024-02-02,2024,2,2,Friday,5,Lunch,Chole-Bhature,4.5,Sunny,28.3,False,False,False,False,False,False,800,464,66.3,178.64,144.78,33.86,18.96,103.16,18428.81,3493.32,11,71,4.23,4,0,1,0.39435585511331855,0.9189578116202306,0.8660254037844386,0.5000000000000001,-0.433883739117558,-0.9009688679024191,583.0,35.14,206.0,18.01,460.0,26.83,206.0,563.3333333333334,91.10616517740905,523.2857142857143,103.48222759764809,502.42857142857144,119.99725271580455,643.0,356.0,0,0,0,0,0.0,0.0,4,501.1904761904762,97.64825828507733,1,0,1272,424.0,36.477987421383645,2024-05,458.04761904761904,0,0,1,506.33557046979865,-42.335570469798654,-8.36116854885743,432.13492063492066,31.86507936507934,1.8023489932885894
2024-02-03,2024,2,3,Saturday,5,Breakfast,Bread-Omelette,3.9,Cloudy,24.8,False,False,True,False,False,False,800,344,41.58,132.44,109.27,23.17,17.49,113.39,15017.18,2627.06,10,64,4.12,5,0,0,0.5712682150947923,0.8207634412072763,0.8660254037844386,0.5000000000000001,-0.9749279121818236,-0.2225209339563146,362.0,29.76,342.0,25.97,324.0,19.93,342.0,433.0,138.85604055999866,429.57142857142856,102.60418630650051,404.35714285714283,111.5048168279029,593.0,322.0,0,0,0,0,3.9,0.0,4,320.9761904761905,53.05978592771122,0,0,1146,382.0,30.017452006980804,2024-05,458.04761904761904,1,1,0,400.19463087248323,-56.19463087248323,-14.041825286353957,361.4761904761905,-17.47619047619048,-1.6976510067114106
2024-02-03,2024,2,3,Saturday,5,Dinner,Roti-Paneer,4.0,Cloudy,24.8,False,False,True,False,False,False,800,408,45.38,157.08,129.18,27.9,17.76,122.23,19199.52,3410.3,9,76,3.95,5,0,0,0.5712682150947923,0.8207634412072763,0.8660254037844386,0.5000000000000001,-0.9749279121818236,-0.2225209339563146,446.0,26.02,368.0,26.78,305.0,17.02,368.0,417.3333333333333,25.324559884296537,426.57142857142856,83.06193902315134,400.92857142857144,105.65725741261717,525.0,269.0,0,0,0,0,4.0,0.0,9,468.32941176470587,145.08555671570826,0,0,1146,382.0,35.602094240837694,2024-05,458.04761904761904,1,1,0,410.0973154362416,-2.0973154362416153,-0.5114189625968639,361.4761904761905,46.52380952380952,-1.6976510067114106
2024-02-03,2024,2,3,Saturday,5,Lunch,Fried Rice,4.2,Cloudy,24.8,False,False,True,False,False,False,800,394,53.3,151.69,128.98,22.71,14.97,146.74,22259.01,3331.87,11,79,4.33,5,0,0,0.5712682150947923,0.8207634412072763,0.8660254037844386,0.5000000000000001,-0.9749279121818236,-0.2225209339563146,464.0,33.86,490.0,31.44,429.0,32.39,490.0,480.3333333333333,95.55277773740198,509.57142857142856,114.41278649821324,499.92857142857144,121.99272631892967,643.0,356.0,0,0,0,0,4.2,0.0,4,414.14285714285717,69.65159687857265,0,0,1146,382.0,34.3804537521815,2024-05,458.04761904761904,1,1,0,506.33557046979865,-112.33557046979865,-22.18599225915911,361.4761904761905,32.52380952380952,-1.6976510067114106
2024-02-04,2024,2,4,Sunday,5,Breakfast,Puri-Bhaji,4.3,Sunny,25.7,False,False,True,False,False,False,800,315,40.6,121.28,94.03,27.24,22.46,103.53,12555.49,2820.39,11,55,4.44,6,0,0,0.72479278722912,0.6889669190756866,0.8660254037844386,0.5000000000000001,-0.7818314824680299,0.6234898018587334,344.0,23.17,322.0,18.78,333.0,29.1,322.0,340.3333333333333,23.713568549109723,428.57142857142856,103.85383501642616,403.07142857142856,112.49031704360793,593.0,315.0,0,0,0,0,4.3,0.0,4,316.2857142857143,54.82089939478339,1,0,1006,335.3333333333333,31.312127236580515,2024-05,458.04761904761904,1,1,0,400.19463087248323,-85.19463087248323,-21.28829931744621,334.6984126984127,-19.69841269841271,-0.797651006711412
2024-02-04,2024,2,4,Sunday,5,Dinner,Khichdi,3.0,Sunny,25.7,False,False,True,False,False,False,800,243,33.75,93.56,77.33,16.23,17.35,126.41,11826.29,2051.44,8,86,3.34,6,0,0,0.72479278722912,0.6889669190756866,0.8660254037844386,0.5000000000000001,-0.7818314824680299,0.6234898018587334,408.0,27.9,269.0,18.72,258.0,14.6,269.0,365.6666666666667,107.91817888258366,422.85714285714283,91.44110777148418,399.85714285714283,107.28169758799793,525.0,243.0,0,0,0,0,3.0,0.0,4,265.14285714285717,46.54165269454953,0,1,1006,335.3333333333333,24.15506958250497,2024-05,458.04761904761904,1,1,0,410.0973154362416,-167.09731543624162,-40.74577158801725,334.6984126984127,-91.69841269841271,-0.797651006711412
2024-02-04,2024,2,4,Sunday,5,Lunch,Rice-Chicken,4.7,Sunny,25.7,False,False,True,False,False,False,800,448,52.7,172.48,147.7,24.78,14.37,148.65,25639.24,3683.8,12,46,4.75,6,0,0,0.72479278722912,0.6889669190756866,0.8660254037844386,0.5000000000000001,-0.7818314824680299,0.6234898018587334,394.0,22.71,356.0,23.59,470.0,32.05,356.0,435.3333333333333,36.6787858759439,522.7142857142857,97.92805911435585,498.35714285714283,122.54833090088746,643.0,394.0,0,0,0,0,4.7,0.0,4,422.6666666666667,73.28350117670038,1,0,1006,335.3333333333333,44.53280318091451,2024-05,458.04761904761904,1,1,0,506.33557046979865,-58.335570469798654,-11.521128254069243,334.6984126984127,113.30158730158729,-0.797651006711412
2024-02-05,2024,2,5,Monday,6,Breakfast,Idli-Sambar,3.9,Cloudy,28.7,False,False,False,False,False,False,800,500,56.7,192.5,151.93,40.57,21.08,98.21,18905.61,3984.39,10,58,3.98,0,1,0,0.8486442574947509,0.5289640103269624,0.8660254037844386,0.5000000000000001,0.0,1.0,315.0,27.24,542.0,35.42,434.0,35.73,542.0,386.3333333333333,99.50041875958779,422.57142857142856,97.20915104875189,407.7857142857143,115.23566393160688,593.0,315.0,0,0,0,0,0.0,0.0,5,457.4418604651163,63.9487526687177,0,0,1372,457.3333333333333,36.44314868804665,2024-06,450.42857142857144,0,0,1,400.19463087248323,99.80536912751677,24.939207432625064,459.8062015503876,40.193798449612416,2.202348993288588
2024-02-05,2024,2,5,Monday,6,Dinner,Roti-Dal,3.3,Cloudy,28.7,False,False,False,False,False,False,800,438,54.0,168.63,131.56,37.07,21.98,81.36,13719.2,3015.85,12,48,3.81,0,1,0,0.8486442574947509,0.5289640103269624,0.8660254037844386,0.5000000000000001,0.0,1.0,243.0,16.23,442.0,29.22,443.0,28.42,442.0,363.0,104.99999999999997,422.2857142857143,91.31395345311739,399.5,107.13524881411132,525.0,243.0,0,0,0,0,0.0,0.0,5,427.6744186046512,62.5028460038621,0,0,1372,457.3333333333333,31.924198250728864,2024-06,450.42857142857144,0,0,1,410.0973154362416,27.902684563758385,6.803917878388662,459.8062015503876,-21.806201550387584,2.202348993288588
2024-02-05,2024,2,5,Monday,6,Lunch,Rice-Dal-Sabzi,3.4,Cloudy,28.7,False,False,False,False,False,False,800,434,62.47,167.09,134.24,32.85,19.66,141.57,23655.73,4650.5,10,71,3.54,0,1,0,0.8486442574947509,0.5289640103269624,0.8660254037844386,0.5000000000000001,0.0,1.0,448.0,24.78,491.0,29.1,535.0,31.91,491.0,425.3333333333333,28.023799409311746,514.5714285714286,103.23090161196433,491.14285714285717,123.19643922355321,643.0,394.0,0,0,0,0,0.0,0.0,5,494.30232558139534,69.65374733833367,0,0,1372,457.3333333333333,31.63265306122449,2024-06,450.42857142857144,0,0,1,506.33557046979865,-72.33557046979865,-14.286092996129579,459.8062015503876,-25.806201550387584,2.202348993288588
2024-02-06,2024,2,6,Tuesday,6,Breakfast,Poha,3.7,Sunny,28.8,False,False,False,False,False,False,800,482,56.78,185.57,154.36,31.21,16.82,134.69,24993.74,4203.17,8,46,4.07,1,0,0,0.9377521321470804,0.3473052528448203,0.8660254037844386,0.5000000000000001,0.7818314824680298,0.6234898018587336,500.0,40.57,411.0,25.63,472.0,26.01,411.0,432.3333333333333,102.01143726726592,432.7142857142857,99.47816223626562,408.5,115.69439185929589,593.0,315.0,0,0,0,0,0.0,0.0,5,435.7906976744186,71.04142257113264,0,0,1450,483.3333333333333,33.241379310344826,2024-06,450.42857142857144,0,0,1,400.19463087248323,81.80536912751677,20.44139596505056,506.13953488372096,-24.139534883720955,2.3023489932885894
2024-02-06,2024,2,6,Tuesday,6,Dinner,Rice-Rajma,3.8,Sunny,28.8,False,False,False,False,False,False,800,443,62.01,170.56,142.17,28.38,16.64,119.48,20377.55,3391.09,9,74,4.02,1,0,0,0.9377521321470804,0.3473052528448203,0.8660254037844386,0.5000000000000001,0.7818314824680298,0.6234898018587336,438.0,37.07,525.0,31.16,534.0,30.58,525.0,374.6666666666667,114.05408073950412,410.57142857142856,80.56851565149819,393.0,100.92800175601191,498.0,243.0,0,0,0,0,0.0,0.0,5,498.04651162790697,86.12475820364762,0,0,1450,483.3333333333333,30.551724137931036,2024-06,450.42857142857144,0,0,1,410.0973154362416,32.902684563758385,8.023140685219582,506.13953488372096,-63.139534883720955,2.3023489932885894
2024-02-06,2024,2,6,Tuesday,6,Lunch,Roti-Paneer,4.0,Sunny,28.8,False,False,False,False,False,False,800,525,72.93,202.13,159.85,42.27,20.91,81.43,16458.35,3442.25,9,60,3.91,1,0,0,0.9377521321470804,0.3473052528448203,0.8660254037844386,0.5000000000000001,0.7818314824680298,0.6234898018587336,434.0,32.85,636.0,40.34,587.0,50.85,636.0,469.0,49.000000000000085,498.7142857142857,89.01631739127818,486.7142857142857,120.57198843680234,643.0,394.0,0,0,0,0,0.0,0.0,10,468.32941176470587,145.08555671570826,0,0,1450,483.3333333333333,36.206896551724135,2024-06,450.42857142857144,0,0,1,506.33557046979865,18.664429530201346,3.686177827262606,506.13953488372096,18.860465116279045,2.3023489932885894
2024-02-07,2024,2,7,Wednesday,6,Breakfast,Upma,3.5,Cloudy,29.6,False,False,False,False,False,False,800,435,53.2,167.48,131.97,35.51,21.2,122.51,20516.91,4349.98,8,55,3.93,2,0,0,0.9884683243281114,0.1514277775045767,0.8660254037844386,0.5000000000000001,0.9749279121818236,-0.22252093395631434,482.0,31.21,433.0,36.05,413.0,23.53,433.0,472.3333333333333,33.56088993655161,433.0,99.48199167018466,410.07142857142856,115.90942371306359,593.0,315.0,0,0,0,0,0.0,0.0,5,402.1162790697674,78.48482088680939,0,1,1496,498.6666666666667,29.077540106951872,2024-06,450.42857142857144,0,0,1,400.19463087248323,34.80536912751677,8.697110466383803,470.6046511627907,-35.604651162790674,3.10234899328859
2024-02-07,2024,2,7,Wednesday,6,Dinner,Paratha-Paneer,4.1,Cloudy,29.6,False,False,False,False,False,False,800,524,63.84,201.74,173.46,28.28,14.02,107.77,21740.67,3047.31,9,49,4.19,2,0,0,0.9884683243281114,0.1514277775045767,0.8660254037844386,0.5000000000000001,0.9749279121818236,-0.22252093395631434,443.0,28.38,498.0,28.03,450.0,36.33,498.0,468.3333333333333,48.273526216067154,414.2857142857143,85.70630915266054,398.2857142857143,105.95530884541593,524.0,243.0,0,0,0,0,0.0,0.0,5,493.16279069767444,94.51730258140397,0,0,1496,498.6666666666667,35.02673796791444,2024-06,450.42857142857144,0,0,1,410.0973154362416,113.90268456375838,27.7745501558805,470.6046511627907,53.395348837209326,3.10234899328859
2024-02-07,2024,2,7,Wednesday,6,Lunch,Rice-Sambar,3.6,Cloudy,29.6,False,False,False,False,False,False,800,537,65.89,206.75,161.79,44.96,21.74,81.8,16911.22,3677.27,10,81,3.87,2,0,0,0.9884683243281114,0.1514277775045767,0.8660254037844386,0.5000000000000001,0.9749279121818236,-0.22252093395631434,525.0,42.27,643.0,43.68,510.0,36.41,643.0,498.6666666666667,56.32347053700918,483.57142857142856,66.56539927734522,488.64285714285717,121.1874626308394,583.0,394.0,0,0,0,0,0.0,0.0,5,516.5348837209302,108.15494811506254,0,0,1496,498.6666666666667,35.89572192513369,2024-06,450.42857142857144,0,0,1,506.33557046979865,30.664429530201346,6.056147606171466,470.6046511627907,66.39534883720933,3.10234899328859
2024-02-08,2024,2,8,Thursday,6,Breakfast,Dosa,4.6,Cloudy,26.0,False,False,False,False,False,False,800,514,63.2,197.89,157.28,40.61,20.52,128.8,25488.93,5230.21,10,88,4.54,3,0,0,0.9987165071710528,-0.05064916883871264,0.8660254037844386,0.5000000000000001,0.43388373911755823,-0.900968867902419,435.0,35.51,593.0,42.04,515.0,32.81,593.0,477.0,39.73663297261102,421.7142857142857,81.08578643575443,410.0,115.84007543558957,514.0,315.0,0,0,0,0,0.0,0.0,5,496.3488372093023,101.6197121205963,1,0,1555,518.3333333333334,33.054662379421224,2024-06,450.42857142857144,0,0,1,400.19463087248323,113.80536912751677,28.437505240738563,502.8914728682171,11.108527131782921,-0.49765100671141127
2024-02-08,2024,2,8,Thursday,6,Dinner,Rice-Curd-Pickle,3.2,Cloudy,26.0,False,False,False,False,False,False,800,393,52.17,151.31,126.02,25.29,16.71,84.83,12834.74,2145.13,10,45,3.67,3,0,0,0.9987165071710528,-0.05064916883871264,0.8660254037844386,0.5000000000000001,0.43388373911755823,-0.900968867902419,524.0,28.28,398.0,24.89,409.0,29.57,398.0,453.3333333333333,66.10849668033092,413.57142857142856,85.88530557834505,397.14285714285717,105.91713534853349,524.0,243.0,0,0,0,0,0.0,0.0,5,405.6046511627907,82.89641830819832,0,1,1555,518.3333333333334,25.27331189710611,2024-06,450.42857142857144,0,0,1,410.0973154362416,-17.097315436241615,-4.169087383089627,502.8914728682171,-109.89147286821708,-0.49765100671141127
2024-02-08,2024,2,8,Thursday,6,Lunch,Biryani,4.8,Cloudy,26.0,False,False,False,False,False,False,800,648,79.25,249.48,195.53,53.95,21.63,148.87,37139.86,8032.15,8,67,4.65,3,0,0,0.9987165071710528,-0.05064916883871264,0.8660254037844386,0.5000000000000001,0.43388373911755823,-0.900968867902419,537.0,44.96,583.0,35.14,634.0,33.94,583.0,570.0,67.81592733274394,492.85714285714283,84.78684758740316,489.64285714285717,122.52949857882395,648.0,394.0,0,0,0,0,0.0,0.0,5,606.7209302325581,110.13462013143287,1,0,1555,518.3333333333334,41.672025723472665,2024-06,450.42857142857144,0,0,1,506.33557046979865,141.66442953020135,27.978368061078417,502.8914728682171,145.10852713178292,-0.49765100671141127
2024-02-09,2024,2,9,Friday,6,Breakfast,Paratha-Curry,3.7,Cloudy,33.6,False,False,False,False,False,False,800,392,47.32,150.92,118.07,32.85,21.77,147.26,22223.74,4837.63,11,90,3.71,4,0,1,0.9680771188662043,-0.2506525322587204,0.8660254037844386,0.5000000000000001,-0.433883739117558,-0.9009688679024191,514.0,40.61,362.0,29.76,145.0,10.73,362.0,447.0,61.878914017619906,426.0,78.14303125252661,427.64285714285717,87.78786243672181,514.0,315.0,0,0,0,0,0.0,0.0,5,367.85714285714283,69.70270367033623,0,0,1338,446.0,29.297458893871447,2024-06,450.42857142857144,0,0,1,400.19463087248323,-8.19463087248323,-2.0476613728219513,432.13492063492066,-40.13492063492066,7.10234899328859
2024-02-09,2024,2,9,Friday,6,Dinner,Noodles,4.2,Cloudy,33.6,False,False,False,False,False,False,800,467,55.58,179.8,147.73,32.07,17.83,113.84,20468.73,3650.56,11,82,4.11,4,0,1,0.9680771188662043,-0.2506525322587204,0.8660254037844386,0.5000000000000001,-0.433883739117558,-0.9009688679024191,393.0,25.29,446.0,26.02,165.0,10.15,446.0,461.3333333333333,65.68358496103363,416.57142857142856,87.55732815867388,418.7142857142857,83.35044512956544,524.0,243.0,0,0,0,0,0.0,0.0,5,427.35714285714283,84.50424189917749,0,0,1338,446.0,34.902840059790734,2024-06,450.42857142857144,0,0,1,410.0973154362416,56.902684563758385,13.875410158008,432.13492063492066,34.86507936507934,7.10234899328859
2024-02-09,2024,2,9,Friday,6,Lunch,Chole-Bhature,4.5,Cloudy,33.6,False,False,False,False,False,False,800,479,66.3,184.41,145.46,38.96,21.13,116.52,21488.45,4539.66,10,84,4.56,4,0,1,0.9680771188662043,-0.2506525322587204,0.8660254037844386,0.5000000000000001,-0.433883739117558,-0.9009688679024191,648.0,53.95,464.0,33.86,206.0,18.01,464.0,554.6666666666666,85.873938615469,495.0,84.12292592787459,509.14285714285717,91.7822315155718,648.0,394.0,0,0,0,0,0.0,0.0,5,501.1904761904762,97.64825828507733,1,0,1338,446.0,35.799701046337816,2024-06,450.42857142857144,0,0,1,506.33557046979865,-27.335570469798654,-5.398706325221355,432.13492063492066,46.86507936507934,7.10234899328859
2024-02-10,2024,2,10,Saturday,6,Breakfast,Bread-Omelette,3.9,Cloudy,25.1,False,False,True,False,False,False,800,352,41.58,135.52,114.95,20.57,15.18,86.07,11663.72,1769.99,11,60,4.12,5,0,0,0.8978045395707416,-0.4403941515576344,0.8660254037844386,0.5000000000000001,-0.9749279121818236,-0.2225209339563146,392.0,32.85,344.0,23.17,342.0,25.97,344.0,419.3333333333333,84.3879928267839,427.14285714285717,76.79068643923911,428.35714285714283,87.0752169482994,514.0,315.0,0,0,0,0,3.9,0.0,5,320.9761904761905,53.05978592771122,0,0,1156,385.3333333333333,30.44982698961938,2024-06,450.42857142857144,1,1,0,400.19463087248323,-48.19463087248323,-12.042797967431957,361.4761904761905,-9.476190476190482,-1.3976510067114098
2024-02-10,2024,2,10,Saturday,6,Dinner,Roti-Paneer,4.0,Cloudy,25.1,False,False,True,False,False,False,800,339,45.38,130.52,104.71,25.81,19.77,114.13,14895.48,2945.22,10,61,4.0,5,0,0,0.8978045395707416,-0.4403941515576344,0.8660254037844386,0.5000000000000001,-0.9749279121818236,-0.2225209339563146,467.0,32.07,408.0,27.9,368.0,26.78,408.0,399.6666666666667,64.25988899253812,406.7142857142857,92.4314417748172,416.64285714285717,85.05076053823309,524.0,243.0,0,0,0,0,4.0,0.0,11,468.32941176470587,145.08555671570826,0,0,1156,385.3333333333333,29.325259515570934,2024-06,450.42857142857144,1,1,0,410.0973154362416,-71.09731543624162,-17.33669369686357,361.4761904761905,-22.47619047619048,-1.3976510067114098
2024-02-10,2024,2,10,Saturday,6,Lunch,Fried Rice,4.2,Cloudy,25.1,False,False,True,False,False,False,800,465,53.3,179.03,147.61,31.41,17.55,126.77,22695.57,3982.35,10,46,4.21,5,0,0,0.8978045395707416,-0.4403941515576344,0.8660254037844386,0.5000000000000001,-0.9749279121818236,-0.2225209339563146,479.0,38.96,394.0,22.71,490.0,31.44,394.0,530.6666666666666,101.85447134678643,505.14285714285717,73.52874397455868,507.35714285714283,92.42427848107471,648.0,434.0,0,0,0,0,4.2,0.0,5,414.14285714285717,69.65159687857265,0,0,1156,385.3333333333333,40.22491349480969,2024-06,450.42857142857144,1,1,0,506.33557046979865,-41.335570469798654,-8.163671067281692,361.4761904761905,103.52380952380952,-1.3976510067114098
2024-02-11,2024,2,11,Sunday,6,Breakfast,Puri-Bhaji,4.3,Cloudy,30.9,False,False,True,False,False,False,800,334,40.6,128.59,107.56,21.03,16.35,99.34,12773.98,2088.91,8,78,4.49,6,0,0,0.7907757369376989,-0.6121059825476626,0.8660254037844386,0.5000000000000001,-0.7818314824680299,0.6234898018587334,352.0,20.57,315.0,27.24,322.0,18.78,315.0,359.3333333333333,29.687258770949676,429.85714285714283,72.37501542067453,429.2142857142857,86.00015972384861,514.0,334.0,0,0,0,0,4.3,0.0,5,316.2857142857143,54.82089939478339,1,0,1092,364.0,30.586080586080588,2024-06,450.42857142857144,1,1,0,400.19463087248323,-66.19463087248323,-16.54060943500646,334.6984126984127,-0.6984126984127101,4.402348993288587
2024-02-11,2024,2,11,Sunday,6,Dinner,Khichdi,3.0,Cloudy,30.9,False,False,True,False,False,False,800,310,33.75,119.35,99.72,19.63,16.45,125.21,14944.2,2458.17,11,73,3.51,6,0,0,0.7907757369376989,-0.6121059825476626,0.8660254037844386,0.5000000000000001,-0.7818314824680299,0.6234898018587334,339.0,25.81,243.0,16.23,269.0,18.72,243.0,372.0,83.54040938372273,416.2857142857143,74.35436388384628,419.57142857142856,80.13998741213764,524.0,310.0,0,0,0,0,3.0,0.0,5,265.14285714285717,46.54165269454953,0,1,1092,364.0,28.388278388278387,2024-06,450.42857142857144,1,1,0,410.0973154362416,-100.09731543624162,-24.408185976482912,334.6984126984127,-24.69841269841271,4.402348993288587
2024-02-11,2024,2,11,Sunday,6,Lunch,Rice-Chicken,4.7,Cloudy,30.9,False,False,True,False,False,False,800,448,52.7,172.48,134.62,37.86,21.95,130.41,22492.29,4936.83,11,80,4.68,6,0,0,0.7907757369376989,-0.6121059825476626,0.8660254037844386,0.5000000000000001,-0.7818314824680299,0.6234898018587334,465.0,31.41,448.0,24.78,356.0,23.59,448.0,464.0,15.524174696259928,505.14285714285717,73.52874397455868,513.9285714285714,83.69308792865135,648.0,434.0,0,0,0,0,4.7,0.0,5,422.6666666666667,73.28350117670038,1,0,1092,364.0,41.02564102564102,2024-06,450.42857142857144,1,1,0,506.33557046979865,-58.335570469798654,-11.521128254069243,334.6984126984127,113.30158730158729,4.402348993288587
2024-02-12,2024,2,12,Monday,7,Breakfast,Idli-Sambar,3.9,Sunny,27.3,False,False,False,False,False,False,800,425,56.7,163.62,129.73,33.89,20.71,128.43,21013.56,4352.49,10,87,4.04,0,1,0,0.6513724827222223,-0.758758122692791,0.8660254037844386,0.5000000000000001,0.0,1.0,334.0,21.03,500.0,40.57,542.0,35.42,500.0,370.3333333333333,48.19059382631976,419.14285714285717,65.48391296450504,420.85714285714283,79.64716146649754,514.0,334.0,0,0,0,0,0.0,0.0,6,457.4418604651163,63.9487526687177,0,0,1291,430.3333333333333,32.92021688613478,2024-07,454.5238095238095,0,0,1,400.19463087248323,24.80536912751677,6.198326317731303,459.8062015503876,-34.806201550387584,0.8023489932885894
2024-02-12,2024,2,12,Monday,7,Dinner,Roti-Dal,3.3,Sunny,27.3,False,False,False,False,False,False,800,403,54.0,155.16,129.81,25.35,16.34,98.96,15354.78,2508.62,10,59,3.41,0,1,0,0.6513724827222223,-0.758758122692791,0.8660254037844386,0.5000000000000001,0.0,1.0,310.0,19.63,438.0,37.07,442.0,29.22,438.0,350.6666666666667,47.58501164582522,411.2857142857143,73.82572786798711,416.7857142857143,79.97805330832334,524.0,310.0,0,0,0,0,0.0,0.0,6,427.6744186046512,62.5028460038621,0,0,1291,430.3333333333333,31.216111541440743,2024-07,454.5238095238095,0,0,1,410.0973154362416,-7.097315436241615,-1.730641769427785,459.8062015503876,-56.806201550387584,0.8023489932885894
2024-02-12,2024,2,12,Monday,7,Lunch,Rice-Dal-Sabzi,3.4,Sunny,27.3,False,False,False,False,False,False,800,463,62.47,178.25,145.41,32.84,18.42,117.16,20885.16,3848.07,11,80,3.58,0,1,0,0.6513724827222223,-0.758758122692791,0.8660254037844386,0.5000000000000001,0.0,1.0,448.0,37.86,434.0,32.85,491.0,29.1,434.0,458.6666666666667,9.291573243177359,509.2857142857143,69.56223660798129,511.92857142857144,84.61265979628696,648.0,448.0,0,0,0,0,0.0,0.0,6,494.30232558139534,69.65374733833367,0,0,1291,430.3333333333333,35.86367157242448,2024-07,454.5238095238095,0,0,1,506.33557046979865,-43.335570469798654,-8.558666030433168,459.8062015503876,3.193798449612416,0.8023489932885894
2024-02-13,2024,2,13,Tuesday,7,Breakfast,Poha,3.7,Sunny,27.8,False,False,False,False,False,False,800,466,56.78,179.41,140.58,38.83,21.64,117.51,21082.55,4562.35,9,57,3.74,1,0,0,0.48530196253108104,-0.8743466161445821,0.8660254037844386,0.5000000000000001,0.7818314824680298,0.6234898018587336,425.0,33.89,482.0,31.21,411.0,25.63,482.0,408.3333333333333,67.55985000970125,416.85714285714283,63.16230038936362,424.7857142857143,80.47568058013033,514.0,334.0,0,0,0,0,0.0,0.0,6,435.7906976744186,71.04142257113264,0,0,1589,529.6666666666666,29.32662051604783,2024-07,454.5238095238095,0,0,1,400.19463087248323,65.80536912751677,16.44334132720656,506.13953488372096,-40.139534883720955,1.3023489932885894
2024-02-13,2024,2,13,Tuesday,7,Dinner,Rice-Rajma,3.8,Sunny,27.8,False,False,False,False,False,False,800,528,62.01,203.28,158.94,44.34,21.81,93.59,19024.62,4149.92,9,68,3.79,1,0,0,0.48530196253108104,-0.8743466161445821,0.8660254037844386,0.5000000000000001,0.7818314824680298,0.6234898018587336,403.0,25.35,443.0,28.38,525.0,31.16,443.0,413.6666666666667,109.39073696311458,423.42857142857144,85.91246929842242,417.0,80.29369167672465,528.0,310.0,0,0,0,0,0.0,0.0,6,498.04651162790697,86.12475820364762,0,0,1589,529.6666666666666,33.22844556324733,2024-07,454.5238095238095,0,0,1,410.0973154362416,117.90268456375838,28.749928401345237,506.13953488372096,21.860465116279045,1.3023489932885894
2024-02-13,2024,2,13,Tuesday,7,Lunch,Roti-Paneer,4.0,Sunny,27.8,False,False,False,False,False,False,800,595,72.93,229.08,187.1,41.98,18.33,130.72,29944.9,5487.54,12,83,3.98,1,0,0,0.48530196253108104,-0.8743466161445821,0.8660254037844386,0.5000000000000001,0.7818314824680298,0.6234898018587336,463.0,32.84,525.0,42.27,636.0,40.34,525.0,502.0,80.8888125762766,519.2857142857143,76.84771583184134,509.0,80.60253861243596,648.0,448.0,0,0,0,0,0.0,0.0,12,468.32941176470587,145.08555671570826,0,0,1589,529.6666666666666,37.44493392070485,2024-07,454.5238095238095,0,0,1,506.33557046979865,88.66442953020135,17.511001537564287,506.13953488372096,88.86046511627904,1.3023489932885894
2024-02-14,2024,2,14,Wednesday,7,Breakfast,Upma,3.5,Sunny,28.0,False,False,False,False,False,False,800,474,53.2,182.49,149.88,32.61,17.87,99.2,18103.34,3235.34,8,80,3.63,2,0,0,0.29936312297335804,-0.9541392564000488,0.8660254037844386,0.5000000000000001,0.9749279121818236,-0.22252093395631434,466.0,38.83,435.0,35.51,433.0,36.05,435.0,455.0,26.28687885618978,422.42857142857144,66.65297478446904,427.7142857142857,81.53661619309315,514.0,334.0,0,0,0,0,0.0,0.0,6,402.1162790697674,78.48482088680939,0,1,1609,536.3333333333334,29.459291485394658,2024-07,454.5238095238095,0,0,1,400.19463087248323,73.80536912751677,18.44236864612856,470.6046511627907,3.395348837209326,1.5023489932885887
2024-02-14,2024,2,14,Wednesday,7,Dinner,Paratha-Paneer,4.1,Sunny,28.0,False,False,False,False,False,False,800,620,63.84,238.7,196.91,41.79,17.51,112.86,26939.15,4716.64,11,66,4.0,2,0,0,0.29936312297335804,-0.9541392564000488,0.8660254037844386,0.5000000000000001,0.9749279121818236,-0.22252093395631434,528.0,44.34,524.0,28.28,498.0,28.03,524.0,517.0,108.9173998955171,437.14285714285717,109.15955992861788,425.7142857142857,95.02908750760194,620.0,310.0,0,0,0,0,0.0,0.0,6,493.16279069767444,94.51730258140397,0,0,1609,536.3333333333334,38.533250466128024,2024-07,454.5238095238095,0,0,1,410.0973154362416,209.90268456375838,51.183628047034176,470.6046511627907,149.39534883720933,1.5023489932885887
2024-02-14,2024,2,14,Wednesday,7,Lunch,Rice-Sambar,3.6,Sunny,28.0,False,False,False,False,False,False,800,515,65.89,198.28,170.23,28.05,14.14,124.65,24715.15,3495.87,11,51,3.96,2,0,0,0.29936312297335804,-0.9541392564000488,0.8660254037844386,0.5000000000000001,0.9749279121818236,-0.22252093395631434,595.0,41.98,537.0,44.96,643.0,43.68,537.0,524.3333333333334,66.49310741222237,516.1428571428571,76.45135396975998,499.85714285714283,70.91040624820671,648.0,448.0,0,0,0,0,0.0,0.0,6,516.5348837209302,108.15494811506254,0,0,1609,536.3333333333334,32.00745804847732,2024-07,454.5238095238095,0,0,1,506.33557046979865,8.664429530201346,1.7112030115052232,470.6046511627907,44.395348837209326,1.5023489932885887
2024-02-15,2024,2,15,Thursday,7,Breakfast,Dosa,4.6,Sunny,29.9,False,False,False,False,False,False,800,470,63.2,180.95,155.31,25.64,14.17,113.44,20527.16,2909.14,8,70,4.49,3,0,0,0.10116832198743272,-0.994869323391895,0.8660254037844386,0.5000000000000001,0.43388373911755823,-0.900968867902419,474.0,32.61,514.0,40.61,593.0,42.04,514.0,470.0,3.999999999999659,416.14285714285717,58.10458550874337,418.92857142857144,67.83176506363631,474.0,334.0,0,0,0,0,0.0,0.0,6,496.3488372093023,101.6197121205963,1,0,1482,494.0,31.713900134952766,2024-07,454.5238095238095,0,0,1,400.19463087248323,69.80536912751677,17.44285498666756,502.8914728682171,-32.89147286821708,3.4023489932885873
2024-02-15,2024,2,15,Thursday,7,Dinner,Rice-Curd-Pickle,3.2,Sunny,29.9,False,False,False,False,False,False,800,433,52.17,166.7,143.2,23.5,14.1,85.96,14330.41,2020.42,9,52,3.54,3,0,0,0.10116832198743272,-0.994869323391895,0.8660254037844386,0.5000000000000001,0.43388373911755823,-0.900968867902419,620.0,41.79,393.0,25.29,398.0,24.89,393.0,527.0,93.50401060917112,442.85714285714283,107.49795125401003,428.2142857142857,94.70373120050074,620.0,310.0,0,0,0,0,0.0,0.0,6,405.6046511627907,82.89641830819832,0,1,1482,494.0,29.217273954116056,2024-07,454.5238095238095,0,0,1,410.0973154362416,22.902684563758385,5.58469507155774,502.8914728682171,-69.89147286821708,3.4023489932885873
2024-02-15,2024,2,15,Thursday,7,Lunch,Biryani,4.8,Sunny,29.9,False,False,False,False,False,False,800,579,79.25,222.91,183.95,38.97,17.48,128.05,28544.62,4990.06,9,54,4.78,3,0,0,0.10116832198743272,-0.994869323391895,0.8660254037844386,0.5000000000000001,0.43388373911755823,-0.900968867902419,515.0,28.05,648.0,53.95,583.0,35.14,648.0,563.0,42.332020977033665,506.2857142857143,59.095161352162364,499.57142857142856,70.55681211806366,595.0,448.0,0,0,0,0,0.0,0.0,6,606.7209302325581,110.13462013143287,1,0,1482,494.0,39.068825910931174,2024-07,454.5238095238095,0,0,1,506.33557046979865,72.66442953020135,14.351041832352474,502.8914728682171,76.10852713178292,3.4023489932885873
2024-02-16,2024,2,16,Friday,7,Breakfast,Paratha-Curry,3.7,Sunny,27.3,False,False,False,False,False,False,800,399,47.32,153.61,127.03,26.59,17.31,123.29,18939.08,3277.96,12,69,3.84,4,0,1,-0.10116832198743204,-0.9948693233918952,0.8660254037844386,0.5000000000000001,-0.433883739117558,-0.9009688679024191,470.0,25.64,392.0,32.85,362.0,29.76,392.0,447.6666666666667,42.19399641339193,417.14285714285717,57.67850140051783,421.57142857142856,66.14286901003857,474.0,334.0,0,0,0,0,0.0,0.0,6,367.85714285714283,69.70270367033623,0,0,1390,463.3333333333333,28.70503597122302,2024-07,454.5238095238095,0,0,1,400.19463087248323,-1.1946308724832306,-0.29851246876520043,432.13492063492066,-33.13492063492066,0.8023489932885894
2024-02-16,2024,2,16,Friday,7,Dinner,Noodles,4.2,Sunny,27.3,False,False,False,False,False,False,800,441,55.58,169.78,132.13,37.66,22.18,147.21,24993.64,5543.52,8,58,4.27,4,0,1,-0.10116832198743204,-0.9948693233918952,0.8660254037844386,0.5000000000000001,-0.433883739117558,-0.9009688679024191,433.0,23.5,467.0,32.07,446.0,26.02,467.0,498.0,105.73079021741957,439.14285714285717,106.97262667216717,427.85714285714283,94.64090605494589,620.0,310.0,0,0,0,0,0.0,0.0,6,427.35714285714283,84.50424189917749,0,0,1390,463.3333333333333,31.726618705035968,2024-07,454.5238095238095,0,0,1,410.0973154362416,30.902684563758385,7.535451562487213,432.13492063492066,8.865079365079339,0.8023489932885894
2024-02-16,2024,2,16,Friday,7,Lunch,Chole-Bhature,4.5,Sunny,27.3,False,False,False,False,False,False,800,550,66.3,211.75,172.15,39.6,18.7,140.21,29689.82,5552.75,11,64,4.46,4,0,1,-0.10116832198743204,-0.9948693233918952,0.8660254037844386,0.5000000000000001,-0.433883739117558,-0.9009688679024191,579.0,38.97,479.0,38.96,464.0,33.86,479.0,548.0,32.04684071792432,516.4285714285714,59.72117754715706,505.7142857142857,70.96416058766629,595.0,448.0,0,0,0,0,0.0,0.0,6,501.1904761904762,97.64825828507733,1,0,1390,463.3333333333333,39.568345323741006,2024-07,454.5238095238095,0,0,1,506.33557046979865,43.664429530201346,8.623614866656064,432.13492063492066,117.86507936507934,0.8023489932885894
2024-02-17,2024,2,17,Saturday,7,Breakfast,Bread-Omelette,3.9,Sunny,25.5,False,False,True,False,False,False,800,291,41.58,112.03,87.4,24.64,21.99,96.79,10843.93,2384.49,12,49,3.85,5,0,0,-0.2993631229733582,-0.9541392564000488,0.8660254037844386,0.5000000000000001,-0.9749279121818236,-0.2225209339563146,399.0,26.59,352.0,20.57,344.0,23.17,352.0,386.6666666666667,90.13508380943202,408.42857142857144,71.99272450013535,417.7857142857143,72.16666455176845,474.0,291.0,0,0,0,0,3.9,0.0,6,320.9761904761905,53.05978592771122,0,0,1088,362.6666666666667,26.746323529411764,2024-07,454.5238095238095,1,1,0,400.19463087248323,-109.19463087248323,-27.285381274212213,361.4761904761905,-70.47619047619048,-0.9976510067114113
2024-02-17,2024,2,17,Saturday,7,Dinner,Roti-Paneer,4.0,Sunny,25.5,False,False,True,False,False,False,800,387,45.38,149.0,119.03,29.96,20.11,99.79,14868.25,2989.73,11,49,4.16,5,0,0,-0.2993631229733582,-0.9541392564000488,0.8660254037844386,0.5000000000000001,-0.9749279121818236,-0.2225209339563146,441.0,37.66,339.0,25.81,408.0,27.9,339.0,420.3333333333333,29.1433239925256,446.0,100.84641788382964,426.35714285714283,95.1449154976499,620.0,310.0,0,0,0,0,4.0,0.0,13,468.32941176470587,145.08555671570826,0,0,1088,362.6666666666667,35.56985294117647,2024-07,454.5238095238095,1,1,0,410.0973154362416,-23.097315436241615,-5.632154751286731,361.4761904761905,25.52380952380952,-0.9976510067114113
2024-02-17,2024,2,17,Saturday,7,Lunch,Fried Rice,4.2,Sunny,25.5,False,False,True,False,False,False,800,410,53.3,157.85,127.84,30.01,19.01,128.26,20245.21,3849.32,11,63,4.0,5,0,0,-0.2993631229733582,-0.9541392564000488,0.8660254037844386,0.5000000000000001,-0.9749279121818236,-0.2225209339563146,550.0,39.6,465.0,31.41,394.0,22.71,465.0,513.0,90.37145567047152,508.57142857142856,70.29665033000546,506.85714285714283,69.13182184210677,595.0,410.0,0,0,0,0,4.2,0.0,6,414.14285714285717,69.65159687857265,0,0,1088,362.6666666666667,37.68382352941176,2024-07,454.5238095238095,1,1,0,506.33557046979865,-96.33557046979865,-19.026032553947296,361.4761904761905,48.52380952380952,-0.9976510067114113
2024-02-18,2024,2,18,Sunday,7,Breakfast,Puri-Bhaji,4.3,Rainy,28.6,False,False,True,False,False,False,800,321,44.66,123.59,104.35,19.24,15.57,123.75,15294.15,2380.56,9,72,4.11,6,0,0,-0.4853019625310808,-0.8743466161445822,0.8660254037844386,0.5000000000000001,-0.7818314824680299,0.6234898018587334,291.0,24.64,334.0,21.03,315.0,27.24,334.0,337.0,55.74943945906542,406.57142857142856,74.36140832191826,418.2142857142857,71.52426008159595,474.0,291.0,0,0,1,0,4.3,28.6,6,316.2857142857143,54.82089939478339,1,0,1096,365.3333333333333,29.288321167883215,2024-07,454.5238095238095,1,1,0,400.19463087248323,-79.19463087248323,-19.78902882825471,334.6984126984127,-13.69841269841271,2.10234899328859
2024-02-18,2024,2,18,Sunday,7,Dinner,Khichdi,3.0,Rainy,28.6,False,False,True,False,False,False,800,306,37.12,117.81,92.81,25.0,21.22,101.53,11961.58,2538.11,12,63,3.35,6,0,0,-0.4853019625310808,-0.8743466161445822,0.8660254037844386,0.5000000000000001,-0.7818314824680299,0.6234898018587334,387.0,29.96,310.0,19.63,243.0,16.23,310.0,378.0,67.94850991743664,445.42857142857144,101.75273484098128,430.85714285714283,86.94194096580253,620.0,306.0,0,0,1,0,3.0,28.6,6,265.14285714285717,46.54165269454953,0,1,1096,365.3333333333333,27.919708029197082,2024-07,454.5238095238095,1,1,0,410.0973154362416,-104.09731543624162,-25.383564221947648,334.6984126984127,-28.69841269841271,2.10234899328859
2024-02-18,2024,2,18,Sunday,7,Lunch,Rice-Chicken,4.7,Rainy,28.6,False,False,True,False,False,False,800,469,57.97,180.56,143.22,37.35,20.68,90.43,16328.36,3377.28,10,54,4.37,6,0,0,-0.4853019625310808,-0.8743466161445822,0.8660254037844386,0.5000000000000001,-0.7818314824680299,0.6234898018587334,410.0,30.01,448.0,37.86,448.0,24.78,448.0,476.3333333333333,70.28750481652709,511.57142857142856,67.68027074132503,508.35714285714283,67.97466399368919,595.0,410.0,0,0,1,0,4.7,28.6,6,422.6666666666667,73.28350117670038,1,0,1096,365.3333333333333,42.79197080291971,2024-07,454.5238095238095,1,1,0,506.33557046979865,-37.335570469798654,-7.373681140978738,334.6984126984127,134.3015873015873,2.10234899328859
2024-02-19,2024,2,19,Monday,8,Breakfast,Idli-Sambar,3.9,Sunny,25.3,False,False,False,False,False,False,800,458,56.7,176.33,141.13,35.2,19.96,108.18,19074.6,3807.83,10,77,4.02,0,1,0,-0.651372482722222,-0.7587581226927911,0.8660254037844386,0.5000000000000001,0.0,1.0,321.0,19.24,425.0,33.89,500.0,40.57,425.0,356.6666666666667,89.02995750495073,411.2857142857143,76.73268379188083,415.2142857142857,68.65317357382862,474.0,291.0,0,0,0,0,0.0,0.0,7,457.4418604651163,63.9487526687177,0,0,1351,450.3333333333333,33.90081421169504,2024-08,468.6190476190476,0,0,1,400.19463087248323,57.80536912751677,14.444314008284556,459.8062015503876,-1.8062015503875841,-1.1976510067114106
2024-02-19,2024,2,19,Monday,8,Dinner,Roti-Dal,3.3,Sunny,25.3,False,False,False,False,False,False,800,392,54.0,150.92,116.97,33.95,22.49,96.02,14492.05,3259.57,12,82,3.79,0,1,0,-0.651372482722222,-0.7587581226927911,0.8660254037844386,0.5000000000000001,0.0,1.0,306.0,25.0,403.0,25.35,438.0,37.07,403.0,361.6666666666667,48.2735262160671,443.85714285714283,102.59861690332957,427.57142857142856,87.51853806762598,620.0,306.0,0,0,0,0,0.0,0.0,7,427.6744186046512,62.5028460038621,0,0,1351,450.3333333333333,29.015544041450774,2024-08,468.6190476190476,0,0,1,410.0973154362416,-18.097315436241615,-4.412931944455811,459.8062015503876,-67.80620155038758,-1.1976510067114106
2024-02-19,2024,2,19,Monday,8,Lunch,Rice-Dal-Sabzi,3.4,Sunny,25.3,False,False,False,False,False,False,800,501,62.47,192.89,156.72,36.16,18.75,121.86,23505.46,4406.72,11,65,3.7,0,1,0,-0.651372482722222,-0.7587581226927911,0.8660254037844386,0.5000000000000001,0.0,1.0,469.0,37.35,463.0,32.84,434.0,32.85,463.0,460.0,46.16275555033495,517.0,64.58844065826854,513.1428571428571,64.61228407003775,595.0,410.0,0,0,0,0,0.0,0.0,7,494.30232558139534,69.65374733833367,0,0,1351,450.3333333333333,37.083641746854184,2024-08,468.6190476190476,0,0,1,506.33557046979865,-5.335570469798654,-1.053761730555113,459.8062015503876,41.193798449612416,-1.1976510067114106
2024-02-20,2024,2,20,Tuesday,8,Breakfast,Poha,3.7,Rainy,29.1,False,False,False,False,False,False,800,521,62.46,200.59,167.26,33.33,16.62,98.87,19830.99,3295.04,8,56,3.85,1,0,0,-0.7907757369376986,-0.6121059825476627,0.8660254037844386,0.5000000000000001,0.7818314824680298,0.6234898018587336,458.0,35.2,466.0,38.83,482.0,31.21,466.0,433.3333333333333,102.25621415509833,419.14285714285717,85.57536361092993,418.0,72.26766486206252,521.0,291.0,0,0,0,0,0.0,29.1,7,435.7906976744186,71.04142257113264,0,0,1807,602.3333333333334,28.832318760376314,2024-08,468.6190476190476,0,0,1,400.19463087248323,120.80536912751677,30.186654144795316,506.13953488372096,14.860465116279045,2.60234899328859
2024-02-20,2024,2,20,Tuesday,8,Dinner,Rice-Rajma,3.8,Rainy,29.1,False,False,False,False,False,False,800,590,68.21,227.15,192.34,34.81,15.33,147.83,33580.46,5146.22,11,67,3.89,1,0,0,-0.7907757369376986,-0.6121059825476627,0.8660254037844386,0.5000000000000001,0.7818314824680298,0.6234898018587336,392.0,33.95,528.0,44.34,443.0,28.38,528.0,429.3333333333333,145.63424505703773,452.7142857142857,113.20146389765206,438.07142857142856,97.73391214116813,620.0,306.0,0,0,0,0,0.0,29.1,7,498.04651162790697,86.12475820364762,0,0,1807,602.3333333333334,32.6508024349751,2024-08,468.6190476190476,0,0,1,410.0973154362416,179.90268456375838,43.86829120604865,506.13953488372096,83.86046511627904,2.60234899328859
2024-02-20,2024,2,20,Tuesday,8,Lunch,Roti-Paneer,4.0,Rainy,29.1,False,False,False,False,False,False,800,696,80.22,267.96,222.93,45.03,16.8,144.13,38619.76,6489.84,9,82,4.05,1,0,0,-0.7907757369376986,-0.6121059825476627,0.8660254037844386,0.5000000000000001,0.7818314824680298,0.6234898018587336,501.0,36.16,595.0,41.98,525.0,42.27,595.0,555.3333333333334,122.8671369135513,531.4285714285714,90.85676849278974,525.3571428571429,81.08837263026172,696.0,410.0,0,0,0,0,0.0,29.1,14,468.32941176470587,145.08555671570826,0,0,1807,602.3333333333334,38.51687880464859,2024-08,468.6190476190476,0,0,1,506.33557046979865,189.66442953020135,37.458247176713854,506.13953488372096,189.86046511627904,2.60234899328859
2024-02-21,2024,2,21,Wednesday,8,Breakfast,Upma,3.5,Sunny,23.9,False,False,False,False,False,False,800,393,53.2,151.31,118.36,32.95,21.78,91.26,13807.75,3006.83,11,89,3.72,2,0,0,-0.8978045395707417,-0.44039415155763423,0.8660254037844386,0.5000000000000001,0.9749279121818236,-0.22252093395631434,521.0,33.33,474.0,32.61,435.0,35.51,474.0,457.3333333333333,64.0026041136869,407.57142857142856,82.3364179102159,415.0,72.37934256933556,521.0,291.0,0,0,0,0,0.0,0.0,7,402.1162790697674,78.48482088680939,0,1,1471,490.3333333333333,26.71651937457512,2024-08,468.6190476190476,0,0,1,400.19463087248323,-7.194630872483231,-1.7977829579567013,470.6046511627907,-77.60465116279067,-2.5976510067114127
2024-02-21,2024,2,21,Wednesday,8,Dinner,Paratha-Paneer,4.1,Sunny,23.9,False,False,False,False,False,False,800,530,63.84,204.05,163.51,40.54,19.87,102.63,20941.48,4160.66,11,77,4.29,2,0,0,-0.8978045395707417,-0.44039415155763423,0.8660254037844386,0.5000000000000001,0.9749279121818236,-0.22252093395631434,590.0,34.81,620.0,41.79,524.0,28.28,620.0,504.0,101.52832117197639,439.85714285714283,94.62104870029106,438.5,98.15196224379663,590.0,306.0,0,0,0,0,0.0,0.0,7,493.16279069767444,94.51730258140397,0,0,1471,490.3333333333333,36.02991162474507,2024-08,468.6190476190476,0,0,1,410.0973154362416,119.90268456375838,29.237617524077603,470.6046511627907,59.395348837209326,-2.5976510067114127
2024-02-21,2024,2,21,Wednesday,8,Lunch,Rice-Sambar,3.6,Sunny,23.9,False,False,False,False,False,False,800,548,65.89,210.98,175.74,35.24,16.7,108.03,22792.52,3807.21,12,47,3.77,2,0,0,-0.8978045395707417,-0.44039415155763423,0.8660254037844386,0.5000000000000001,0.9749279121818236,-0.22252093395631434,696.0,45.03,515.0,28.05,537.0,44.96,515.0,581.6666666666666,101.76607162180024,536.1428571428571,90.71829762407103,526.1428571428571,81.2629702242684,696.0,410.0,0,0,0,0,0.0,0.0,7,516.5348837209302,108.15494811506254,0,0,1471,490.3333333333333,37.25356900067981,2024-08,468.6190476190476,0,0,1,506.33557046979865,41.664429530201346,8.228619903504587,470.6046511627907,77.39534883720933,-2.5976510067114127
2024-02-22,2024,2,22,Thursday,8,Breakfast,Dosa,4.6,Sunny,29.5,False,False,False,False,False,False,800,660,63.2,254.1,216.43,37.67,14.82,112.34,28545.17,4231.52,8,57,4.5,3,0,0,-0.9680771188662041,-0.2506525322587213,0.8660254037844386,0.5000000000000001,0.43388373911755823,-0.900968867902419,393.0,32.95,470.0,25.64,514.0,40.61,470.0,524.6666666666666,133.5377599532557,434.7142857142857,126.0564877157781,425.42857142857144,94.78941379201038,660.0,291.0,0,0,0,0,0.0,0.0,7,496.3488372093023,101.6197121205963,1,0,1776,592.0,37.16216216216216,2024-08,468.6190476190476,0,0,1,400.19463087248323,259.80536912751677,64.91975381106508,502.8914728682171,157.10852713178292,3.0023489932885887
2024-02-22,2024,2,22,Thursday,8,Dinner,Rice-Curd-Pickle,3.2,Sunny,29.5,False,False,False,False,False,False,800,454,52.17,174.79,143.79,31.0,17.73,144.94,25333.55,4492.75,11,89,3.51,3,0,0,-0.9680771188662041,-0.2506525322587213,0.8660254037844386,0.5000000000000001,0.43388373911755823,-0.900968867902419,530.0,40.54,433.0,23.5,393.0,25.29,433.0,524.6666666666666,68.15668223537088,442.85714285714283,94.70027907637258,442.85714285714283,97.32724904461953,590.0,306.0,0,0,0,0,0.0,0.0,7,405.6046511627907,82.89641830819832,0,1,1776,592.0,25.563063063063062,2024-08,468.6190476190476,0,0,1,410.0973154362416,43.902684563758385,10.705430860247606,502.8914728682171,-48.89147286821708,3.0023489932885887
2024-02-22,2024,2,22,Thursday,8,Lunch,Biryani,4.8,Sunny,29.5,False,False,False,False,False,False,800,662,79.25,254.87,211.37,43.5,17.07,114.89,29283.17,4997.75,11,48,4.5,3,0,0,-0.9680771188662041,-0.2506525322587213,0.8660254037844386,0.5000000000000001,0.43388373911755823,-0.900968867902419,548.0,35.24,579.0,38.97,648.0,53.95,579.0,635.3333333333334,77.51988992080291,548.0,101.978755957634,527.1428571428571,82.9465603152528,696.0,410.0,0,0,0,0,0.0,0.0,7,606.7209302325581,110.13462013143287,1,0,1776,592.0,37.27477477477478,2024-08,468.6190476190476,0,0,1,506.33557046979865,155.66442953020135,30.743332803138752,502.8914728682171,159.10852713178292,3.0023489932885887
2024-02-23,2024,2,23,Friday,8,Breakfast,Paratha-Curry,3.7,Sunny,30.9,False,False,False,False,False,False,800,397,47.32,152.84,126.86,25.98,17.0,135.95,20779.58,3532.49,9,64,3.89,4,0,1,-0.9987165071710528,-0.05064916883871355,0.8660254037844386,0.5000000000000001,-0.433883739117558,-0.9009688679024191,660.0,37.67,399.0,26.59,392.0,32.85,399.0,483.3333333333333,153.010892858428,434.42857142857144,126.15315710523882,425.7857142857143,94.66311000386791,660.0,291.0,0,0,0,0,0.0,0.0,7,367.85714285714283,69.70270367033623,0,0,1383,461.0,28.705712219812003,2024-08,468.6190476190476,0,0,1,400.19463087248323,-3.1946308724832306,-0.7982692984957006,432.13492063492066,-35.13492063492066,4.402348993288587
2024-02-23,2024,2,23,Friday,8,Dinner,Noodles,4.2,Sunny,30.9,False,False,False,False,False,False,800,470,55.58,180.95,150.48,30.47,16.84,90.78,16426.28,2766.02,10,77,4.31,4,0,1,-0.9987165071710528,-0.05064916883871355,0.8660254037844386,0.5000000000000001,-0.433883739117558,-0.9009688679024191,454.0,31.0,441.0,37.66,467.0,32.07,441.0,484.6666666666667,40.06661120351103,447.0,95.23829761883256,443.07142857142856,97.38777706097983,590.0,306.0,0,0,0,0,0.0,0.0,7,427.35714285714283,84.50424189917749,0,0,1383,461.0,33.98409255242227,2024-08,468.6190476190476,0,0,1,410.0973154362416,59.902684563758385,14.606943842106554,432.13492063492066,37.86507936507934,4.402348993288587
2024-02-23,2024,2,23,Friday,8,Lunch,Chole-Bhature,4.5,Sunny,30.9,False,False,False,False,False,False,800,516,66.3,198.66,163.48,35.18,17.71,86.52,17188.99,3043.62,8,74,4.63,4,0,1,-0.9987165071710528,-0.05064916883871355,0.8660254037844386,0.5000000000000001,-0.433883739117558,-0.9009688679024191,662.0,43.5,550.0,39.6,479.0,38.96,550.0,575.3333333333334,76.74199198179163,543.1428571428571,102.67493782390552,529.7857142857143,81.87718623874193,696.0,410.0,0,0,0,0,0.0,0.0,7,501.1904761904762,97.64825828507733,1,0,1383,461.0,37.310195227765725,2024-08,468.6190476190476,0,0,1,506.33557046979865,9.664429530201346,1.9087004930809615,432.13492063492066,83.86507936507934,4.402348993288587
2024-02-24,2024,2,24,Saturday,8,Breakfast,Bread-Omelette,3.9,Sunny,25.7,False,False,True,False,False,False,800,325,41.58,125.12,102.18,22.95,18.34,113.06,14146.06,2594.52,11,80,3.85,5,0,0,-0.9884683243281114,0.15142777750457667,0.8660254037844386,0.5000000000000001,-0.9749279121818236,-0.2225209339563146,397.0,25.98,291.0,24.64,352.0,20.57,291.0,460.6666666666667,176.34152469946872,439.2857142857143,120.22577966159386,423.85714285714283,96.53843964799893,660.0,321.0,0,0,0,0,3.9,0.0,7,320.9761904761905,53.05978592771122,0,0,1099,366.3333333333333,29.572338489535944,2024-08,468.6190476190476,1,1,0,400.19463087248323,-75.19463087248323,-18.78951516879371,361.4761904761905,-36.47619047619048,-0.797651006711412
2024-02-24,2024,2,24,Saturday,8,Dinner,Roti-Paneer,4.0,Sunny,25.7,False,False,True,False,False,False,800,365,45.38,140.53,118.68,21.85,15.55,109.05,15323.68,2382.13,12,62,4.22,5,0,0,-0.9884683243281114,0.15142777750457667,0.8660254037844386,0.5000000000000001,-0.9749279121818236,-0.2225209339563146,470.0,30.47,387.0,29.96,339.0,25.81,387.0,429.6666666666667,56.571488696456534,443.85714285714283,97.87479854628658,444.92857142857144,95.4797314663123,590.0,306.0,0,0,0,0,4.0,0.0,15,468.32941176470587,145.08555671570826,0,0,1099,366.3333333333333,33.21201091901729,2024-08,468.6190476190476,1,1,0,410.0973154362416,-45.097315436241615,-10.996735101342784,361.4761904761905,3.5238095238095184,-0.797651006711412
2024-02-24,2024,2,24,Saturday,8,Lunch,Fried Rice,4.2,Sunny,25.7,False,False,True,False,False,False,800,409,53.3,157.46,124.41,33.06,20.99,121.96,19203.87,4031.75,9,49,4.11,5,0,0,-0.9884683243281114,0.15142777750457667,0.8660254037844386,0.5000000000000001,-0.9749279121818236,-0.2225209339563146,516.0,35.18,410.0,30.01,465.0,31.41,410.0,529.0,127.00000000000009,543.0,102.89152864384256,525.7857142857143,86.52183234610484,696.0,409.0,0,0,0,0,4.2,0.0,7,414.14285714285717,69.65159687857265,0,0,1099,366.3333333333333,37.21565059144677,2024-08,468.6190476190476,1,1,0,506.33557046979865,-97.33557046979865,-19.223530035523037,361.4761904761905,47.52380952380952,-0.797651006711412
2024-02-25,2024,2,25,Sunday,8,Breakfast,Puri-Bhaji,4.3,Sunny,34.9,False,False,True,False,False,False,800,275,40.6,105.88,84.69,21.19,20.01,121.09,12819.94,2565.67,11,54,4.26,6,0,0,-0.9377521321470804,0.3473052528448203,0.8660254037844386,0.5000000000000001,-0.7818314824680299,0.6234898018587334,325.0,22.95,321.0,19.24,334.0,21.03,321.0,332.3333333333333,61.32971003790365,432.7142857142857,128.72543686171008,419.64285714285717,101.90161706489039,660.0,275.0,0,0,0,0,4.3,0.0,7,316.2857142857143,54.82089939478339,1,0,954,318.0,28.82599580712788,2024-08,468.6190476190476,1,1,0,400.19463087248323,-125.19463087248323,-31.283435912056216,334.6984126984127,-59.69841269841271,8.402348993288587
2024-02-25,2024,2,25,Sunday,8,Dinner,Khichdi,3.0,Sunny,34.9,False,False,True,False,False,False,800,235,33.75,90.48,72.56,17.92,19.8,93.21,8432.78,1669.86,9,81,3.32,6,0,0,-0.9377521321470804,0.3473052528448203,0.8660254037844386,0.5000000000000001,-0.7818314824680299,0.6234898018587334,365.0,21.85,306.0,25.0,310.0,19.63,306.0,356.6666666666667,117.72142257606855,433.7142857142857,116.45702252435484,439.57142857142856,105.2379825302298,590.0,235.0,0,0,0,0,3.0,0.0,7,265.14285714285717,46.54165269454953,0,1,954,318.0,24.633123689727462,2024-08,468.6190476190476,1,1,0,410.0973154362416,-175.09731543624162,-42.69652807894672,334.6984126984127,-99.69841269841271,8.402348993288587
2024-02-25,2024,2,25,Sunday,8,Lunch,Rice-Chicken,4.7,Sunny,34.9,False,False,True,False,False,False,800,444,52.7,170.94,139.62,31.32,18.32,103.27,17653.11,3234.79,12,69,4.54,6,0,0,-0.9377521321470804,0.3473052528448203,0.8660254037844386,0.5000000000000001,-0.7818314824680299,0.6234898018587334,409.0,33.06,469.0,37.35,448.0,37.86,469.0,456.3333333333333,54.555781850628165,539.4285714285714,106.2667353766881,525.5,86.80459931097236,696.0,409.0,0,0,0,0,4.7,0.0,7,422.6666666666667,73.28350117670038,1,0,954,318.0,46.540880503144656,2024-08,468.6190476190476,1,1,0,506.33557046979865,-62.335570469798654,-12.311118180372196,334.6984126984127,109.30158730158729,8.402348993288587
2024-02-26,2024,2,26,Monday,9,Breakfast,Idli-Sambar,3.9,Cloudy,26.6,False,False,False,False,False,False,800,492,56.7,189.42,153.44,35.98,18.99,102.27,19372.43,3679.4,11,90,4.19,0,1,0,-0.8486442574947509,0.5289640103269624,0.8660254037844386,0.5000000000000001,0.0,1.0,275.0,21.19,458.0,35.2,425.0,33.89,458.0,364.0,113.63538181394036,437.57142857142856,130.46820448274897,424.42857142857144,103.7294663911957,660.0,275.0,0,0,0,0,0.0,0.0,8,457.4418604651163,63.9487526687177,0,0,1387,462.3333333333333,35.47224224945926,2024-09,457.6666666666667,0,0,1,400.19463087248323,91.80536912751677,22.94018011370306,459.8062015503876,32.193798449612416,0.10234899328859015
2024-02-26,2024,2,26,Monday,9,Dinner,Roti-Dal,3.3,Cloudy,26.6,False,False,False,False,False,False,800,394,54.0,151.69,118.96,32.73,21.58,147.57,22385.61,4830.72,10,51,3.75,0,1,0,-0.8486442574947509,0.5289640103269624,0.8660254037844386,0.5000000000000001,0.0,1.0,235.0,17.92,392.0,33.95,403.0,25.35,392.0,331.3333333333333,84.67782078757871,434.0,116.34001891008955,438.92857142857144,105.50571569330276,590.0,235.0,0,0,0,0,0.0,0.0,8,427.6744186046512,62.5028460038621,0,0,1387,462.3333333333333,28.406633020908433,2024-09,457.6666666666667,0,0,1,410.0973154362416,-16.097315436241615,-3.9252428217234425,459.8062015503876,-65.80620155038758,0.10234899328859015
2024-02-26,2024,2,26,Monday,9,Lunch,Rice-Dal-Sabzi,3.4,Cloudy,26.6,False,False,False,False,False,False,800,501,62.47,192.89,155.73,37.15,19.26,149.19,28776.32,5542.76,9,76,3.86,0,1,0,-0.8486442574947509,0.5289640103269624,0.8660254037844386,0.5000000000000001,0.0,1.0,444.0,31.32,501.0,36.16,463.0,32.84,501.0,451.3333333333333,46.436336347017374,539.4285714285714,106.2667353766881,528.2142857142857,85.28069361406898,696.0,409.0,0,0,0,0,0.0,0.0,8,494.30232558139534,69.65374733833367,0,0,1387,462.3333333333333,36.1211247296323,2024-09,457.6666666666667,0,0,1,506.33557046979865,-5.335570469798654,-1.053761730555113,459.8062015503876,41.193798449612416,0.10234899328859015
2024-02-27,2024,2,27,Tuesday,9,Breakfast,Poha,3.7,Sunny,25.9,False,False,False,False,False,False,800,478,56.78,184.03,151.0,33.03,17.95,111.98,20608.59,3698.4,9,71,4.03,1,0,0,-0.72479278722912,0.6889669190756865,0.8660254037844386,0.5000000000000001,0.7818314824680298,0.6234898018587336,492.0,35.98,521.0,33.33,466.0,38.83,521.0,415.0,121.44546101028233,431.42857142857144,126.84748998023466,425.2857142857143,104.14814047708757,660.0,275.0,0,0,0,0,0.0,0.0,8,435.7906976744186,71.04142257113264,0,0,1530,510.0,31.241830065359476,2024-09,457.6666666666667,0,0,1,400.19463087248323,77.80536912751677,19.44188230558956,506.13953488372096,-28.139534883720955,-0.5976510067114127
2024-02-27,2024,2,27,Tuesday,9,Dinner,Rice-Rajma,3.8,Sunny,25.9,False,False,False,False,False,False,800,504,62.01,194.04,156.95,37.09,19.11,85.62,16614.11,3175.59,10,88,4.1,1,0,0,-0.72479278722912,0.6889669190756865,0.8660254037844386,0.5000000000000001,0.7818314824680298,0.6234898018587336,394.0,32.73,590.0,34.81,528.0,44.34,590.0,377.6666666666667,135.2417588370297,421.7142857142857,100.59608058255264,437.2142857142857,104.13318289680657,530.0,235.0,0,0,0,0,0.0,0.0,8,498.04651162790697,86.12475820364762,0,0,1530,510.0,32.94117647058823,2024-09,457.6666666666667,0,0,1,410.0973154362416,93.90268456375838,22.897658928556815,506.13953488372096,-2.1395348837209553,-0.5976510067114127
2024-02-27,2024,2,27,Tuesday,9,Lunch,Roti-Paneer,4.0,Sunny,25.9,False,False,False,False,False,False,800,548,72.93,210.98,181.63,29.35,13.91,85.24,17983.51,2501.41,10,66,4.13,1,0,0,-0.72479278722912,0.6889669190756865,0.8660254037844386,0.5000000000000001,0.7818314824680298,0.6234898018587336,501.0,37.15,696.0,45.03,595.0,41.98,696.0,497.6666666666667,52.08006656421771,518.2857142857143,81.83869151307005,524.8571428571429,83.3526863974421,662.0,409.0,0,0,0,0,0.0,0.0,16,468.32941176470587,145.08555671570826,0,0,1530,510.0,35.81699346405229,2024-09,457.6666666666667,0,0,1,506.33557046979865,41.664429530201346,8.228619903504587,506.13953488372096,41.860465116279045,-0.5976510067114127
2024-02-28,2024,2,28,Wednesday,9,Breakfast,Upma,3.5,Sunny,28.1,False,False,False,False,False,False,800,402,53.2,154.77,124.05,30.72,19.85,130.31,20168.11,4003.07,11,79,3.52,2,0,0,-0.5712682150947924,0.8207634412072763,0.8660254037844386,0.5000000000000001,0.9749279121818236,-0.22252093395631434,478.0,33.03,393.0,32.95,474.0,32.61,393.0,457.3333333333333,48.42864166310406,432.7142857142857,126.43801417521331,420.14285714285717,103.33206899852767,660.0,275.0,0,0,0,0,0.0,0.0,8,402.1162790697674,78.48482088680939,0,1,1554,518.0,25.868725868725868,2024-09,457.6666666666667,0,0,1,400.19463087248323,1.8053691275167694,0.45112277583054994,470.6046511627907,-68.60465116279067,1.6023489932885902
2024-02-28,2024,2,28,Wednesday,9,Dinner,Paratha-Paneer,4.1,Sunny,28.1,False,False,False,False,False,False,800,535,63.84,205.98,167.29,38.69,18.78,86.89,17897.38,3361.5,8,73,3.99,2,0,0,-0.5712682150947924,0.8207634412072763,0.8660254037844386,0.5000000000000001,0.9749279121818236,-0.22252093395631434,504.0,37.09,530.0,40.54,620.0,41.79,530.0,477.6666666666667,74.09678355592294,422.42857142857144,101.5067438529039,431.14285714285717,94.70753129248209,535.0,235.0,0,0,0,0,0.0,0.0,8,493.16279069767444,94.51730258140397,0,0,1554,518.0,34.42728442728443,2024-09,457.6666666666667,0,0,1,410.0973154362416,124.90268456375838,30.456840330908523,470.6046511627907,64.39534883720933,1.6023489932885902
2024-02-28,2024,2,28,Wednesday,9,Lunch,Rice-Sambar,3.6,Sunny,28.1,False,False,False,False,False,False,800,617,65.89,237.55,185.04,52.51,22.11,124.18,29498.64,6520.75,10,59,3.91,2,0,0,-0.5712682150947924,0.8207634412072763,0.8660254037844386,0.5000000000000001,0.9749279121818236,-0.22252093395631434,548.0,29.35,548.0,35.24,515.0,28.05,548.0,555.3333333333334,58.346665143205705,528.1428571428571,89.78386746594774,532.1428571428571,86.81089717386793,662.0,409.0,0,0,0,0,0.0,0.0,8,516.5348837209302,108.15494811506254,0,0,1554,518.0,39.703989703989706,2024-09,457.6666666666667,0,0,1,506.33557046979865,110.66442953020135,21.85594613223053,470.6046511627907,146.39534883720933,1.6023489932885902
2024-02-29,2024,2,29,Thursday,9,Breakfast,Dosa,4.6,Sunny,21.9,False,False,False,False,False,False,800,512,63.2,197.12,152.84,44.28,22.46,102.71,20245.45,4547.96,8,63,4.43,3,0,0,-0.3943558551133187,0.9189578116202306,0.8660254037844386,0.5000000000000001,0.43388373911755823,-0.900968867902419,402.0,30.72,660.0,37.67,470.0,25.64,660.0,464.0,56.32051136131493,411.57142857142856,88.89855106216517,423.14285714285717,105.47829316816959,512.0,275.0,0,0,0,0,0.0,0.0,8,496.3488372093023,101.6197121205963,1,0,1557,519.0,32.88375080282594,2024-09,457.6666666666667,0,0,1,400.19463087248323,111.80536912751677,27.937748411008062,502.8914728682171,9.108527131782921,-4.597651006711413
2024-02-29,2024,2,29,Thursday,9,Dinner,Rice-Curd-Pickle,3.2,Sunny,21.9,False,False,False,False,False,False,800,445,52.17,171.33,135.19,36.13,21.09,92.25,15805.56,3333.46,12,69,3.57,3,0,0,-0.3943558551133187,0.9189578116202306,0.8660254037844386,0.5000000000000001,0.43388373911755823,-0.900968867902419,535.0,38.69,454.0,31.0,433.0,23.5,454.0,494.6666666666667,45.72016331262708,421.14285714285717,101.09637080764168,432.0,94.77990699104298,535.0,235.0,0,0,0,0,0.0,0.0,8,405.6046511627907,82.89641830819832,0,1,1557,519.0,28.580603725112397,2024-09,457.6666666666667,0,0,1,410.0973154362416,34.902684563758385,8.51082980795195,502.8914728682171,-57.89147286821708,-4.597651006711413
2024-02-29,2024,2,29,Thursday,9,Lunch,Biryani,4.8,Sunny,21.9,False,False,False,False,False,False,800,600,79.25,231.0,187.54,43.46,18.81,97.09,22428.67,4219.27,11,81,4.72,3,0,0,-0.3943558551133187,0.9189578116202306,0.8660254037844386,0.5000000000000001,0.43388373911755823,-0.900968867902419,617.0,52.51,662.0,43.5,579.0,38.97,662.0,588.3333333333334,35.949038002892266,519.2857142857143,76.4454365014994,533.6428571428571,87.85793352632697,617.0,409.0,0,0,0,0,0.0,0.0,8,606.7209302325581,110.13462013143287,1,0,1557,519.0,38.53564547206166,2024-09,457.6666666666667,0,0,1,506.33557046979865,93.66442953020135,18.49848894544298,502.8914728682171,97.10852713178292,-4.597651006711413
2024-03-01,2024,3,1,Friday,9,Breakfast,Paratha-Curry,3.7,Sunny,25.6,False,False,False,False,False,False,800,374,47.32,143.99,123.21,20.78,14.43,90.02,12961.73,1870.23,11,85,3.75,4,0,1,0.20129852008866006,0.9795299412524945,1.0,6.123233995736766e-17,-0.433883739117558,-0.9009688679024191,512.0,44.28,397.0,25.98,399.0,26.59,397.0,429.3333333333333,72.94746968424153,408.2857142857143,89.94575084592991,421.35714285714283,106.12808454725983,512.0,275.0,0,0,0,0,0.0,0.0,8,367.85714285714283,69.70270367033623,0,0,1399,466.3333333333333,26.73338098641887,2024-09,457.6666666666667,0,0,1,400.19463087248323,-26.19463087248323,-6.545472840396453,432.13492063492066,-58.13492063492066,-0.8976510067114098
2024-03-01,2024,3,1,Friday,9,Dinner,Noodles,4.2,Sunny,25.6,False,False,False,False,False,False,800,474,55.58,182.49,143.64,38.85,21.29,110.92,20241.99,4309.75,10,82,4.12,4,0,1,0.20129852008866006,0.9795299412524945,1.0,6.123233995736766e-17,-0.433883739117558,-0.9009688679024191,445.0,36.13,470.0,30.47,441.0,37.66,470.0,484.6666666666667,45.93836450433658,421.7142857142857,101.429309185781,434.35714285714283,95.42907728364966,535.0,235.0,0,0,0,0,0.0,0.0,8,427.35714285714283,84.50424189917749,0,0,1399,466.3333333333333,33.88134381701215,2024-09,457.6666666666667,0,0,1,410.0973154362416,63.902684563758385,15.58232208757129,432.13492063492066,41.86507936507934,-0.8976510067114098
2024-03-01,2024,3,1,Friday,9,Lunch,Chole-Bhature,4.5,Sunny,25.6,False,False,False,False,False,False,800,551,66.3,212.14,168.85,43.29,20.41,80.66,17110.35,3491.56,11,63,4.5,4,0,1,0.20129852008866006,0.9795299412524945,1.0,6.123233995736766e-17,-0.433883739117558,-0.9009688679024191,600.0,43.46,516.0,35.18,550.0,39.6,516.0,589.3333333333334,34.26854728951014,524.2857142857143,77.33415434703765,533.7142857142857,87.87266011453391,617.0,409.0,0,0,0,0,0.0,0.0,8,501.1904761904762,97.64825828507733,1,0,1399,466.3333333333333,39.385275196568976,2024-09,457.6666666666667,0,0,1,506.33557046979865,44.664429530201346,8.821112348231802,432.13492063492066,118.86507936507934,-0.8976510067114098
2024-03-02,2024,3,2,Saturday,9,Breakfast,Bread-Omelette,3.9,Rainy,24.4,False,False,True,False,False,False,800,355,45.74,136.67,114.19,22.49,16.45,111.98,15304.66,2517.88,10,57,4.23,5,0,0,0.39435585511331855,0.9189578116202306,1.0,6.123233995736766e-17,-0.9749279121818236,-0.2225209339563146,374.0,20.78,325.0,22.95,291.0,24.64,325.0,413.6666666666667,85.6874164234944,412.57142857142856,85.94156375673175,425.92857142857144,101.35198702899355,512.0,275.0,0,0,1,0,3.9,24.4,8,320.9761904761905,53.05978592771122,0,0,1183,394.3333333333333,30.008453085376164,2024-09,457.6666666666667,1,1,0,400.19463087248323,-45.19463087248323,-11.293162722836206,361.4761904761905,-6.476190476190482,-2.0976510067114127
2024-03-02,2024,3,2,Saturday,9,Dinner,Roti-Paneer,4.0,Rainy,24.4,False,False,True,False,False,False,800,378,49.91,145.53,116.37,29.16,20.04,128.95,18766.03,3760.25,8,87,4.03,5,0,0,0.39435585511331855,0.9189578116202306,1.0,6.123233995736766e-17,-0.9749279121818236,-0.2225209339563146,474.0,38.85,365.0,21.85,387.0,29.96,365.0,432.3333333333333,49.2375195692603,423.57142857142856,100.33088115971927,433.7142857142857,95.80222301213017,535.0,235.0,0,0,1,0,4.0,24.4,17,468.32941176470587,145.08555671570826,0,0,1183,394.3333333333333,31.952662721893493,2024-09,457.6666666666667,1,1,0,410.0973154362416,-32.097315436241615,-7.8267558035823885,361.4761904761905,16.52380952380952,-2.0976510067114127
2024-03-02,2024,3,2,Saturday,9,Lunch,Fried Rice,4.2,Rainy,24.4,False,False,True,False,False,False,800,450,58.62,173.25,147.32,25.93,14.97,87.47,15153.44,2268.42,11,81,4.15,5,0,0,0.39435585511331855,0.9189578116202306,1.0,6.123233995736766e-17,-0.9749279121818236,-0.2225209339563146,551.0,43.29,409.0,33.06,410.0,30.01,409.0,533.6666666666666,76.48747174102022,530.1428571428571,68.15528488050556,536.5714285714286,84.11047157501517,617.0,444.0,0,0,1,0,4.2,24.4,8,414.14285714285717,69.65159687857265,0,0,1183,394.3333333333333,38.03888419273035,2024-09,457.6666666666667,1,1,0,506.33557046979865,-56.335570469798654,-11.126133290917767,361.4761904761905,88.52380952380952,-2.0976510067114127
2024-03-03,2024,3,3,Sunday,9,Breakfast,Puri-Bhaji,4.3,Sunny,33.3,False,False,True,False,False,False,800,334,40.6,128.59,109.48,19.11,14.86,134.48,17293.02,2570.27,8,83,4.4,6,0,0,0.5712682150947923,0.8207634412072763,1.0,6.123233995736766e-17,-0.7818314824680299,0.6234898018587334,355.0,22.49,275.0,21.19,321.0,19.24,275.0,354.3333333333333,20.008331597945354,421.0,71.9560050771767,426.85714285714283,100.37150771229634,512.0,334.0,0,0,0,0,4.3,0.0,8,316.2857142857143,54.82089939478339,1,0,1001,333.6666666666667,33.366633366633366,2024-09,457.6666666666667,1,1,0,400.19463087248323,-66.19463087248323,-16.54060943500646,334.6984126984127,-0.6984126984127101,6.802348993288586
2024-03-03,2024,3,3,Sunday,9,Dinner,Khichdi,3.0,Sunny,33.3,False,False,True,False,False,False,800,289,33.75,111.27,88.19,23.07,20.74,93.31,10382.05,2152.86,10,88,3.49,6,0,0,0.5712682150947923,0.8207634412072763,1.0,6.123233995736766e-17,-0.7818314824680299,0.6234898018587334,378.0,29.16,235.0,17.92,306.0,25.0,235.0,380.3333333333333,92.52206943931427,431.2857142857143,84.1936543248446,432.5,97.63570437719369,535.0,289.0,0,0,0,0,3.0,0.0,8,265.14285714285717,46.54165269454953,0,1,1001,333.6666666666667,28.87112887112887,2024-09,457.6666666666667,1,1,0,410.0973154362416,-121.09731543624162,-29.52892176517278,334.6984126984127,-45.69841269841271,6.802348993288586
2024-03-03,2024,3,3,Sunday,9,Lunch,Rice-Chicken,4.7,Sunny,33.3,False,False,True,False,False,False,800,378,52.7,145.53,123.47,22.06,15.16,143.21,20840.69,3158.62,9,83,4.7,6,0,0,0.5712682150947923,0.8207634412072763,1.0,6.123233995736766e-17,-0.7818314824680299,0.6234898018587334,450.0,25.93,444.0,31.32,469.0,37.35,444.0,459.6666666666667,86.9041617722266,520.7142857142857,84.63197639528123,530.0714285714286,92.80124691280518,617.0,378.0,0,0,0,0,4.7,0.0,8,422.6666666666667,73.28350117670038,1,0,1001,333.6666666666667,37.76223776223776,2024-09,457.6666666666667,1,1,0,506.33557046979865,-128.33557046979865,-25.345951964370922,334.6984126984127,43.30158730158729,6.802348993288586
2024-03-04,2024,3,4,Monday,10,Breakfast,Idli-Sambar,3.9,Cloudy,34.4,False,False,False,False,False,False,800,490,56.7,188.65,157.45,31.2,16.54,89.57,16898.24,2794.58,8,85,4.07,0,1,0,0.72479278722912,0.6889669190756866,1.0,6.123233995736766e-17,0.0,1.0,334.0,19.11,492.0,35.98,458.0,35.2,492.0,393.0,84.65813605318749,420.7142857142857,71.63033409041712,429.14285714285717,101.49335494947981,512.0,334.0,0,0,0,0,0.0,0.0,9,457.4418604651163,63.9487526687177,0,0,1343,447.6666666666667,36.48548026805659,2024-10,262.0952380952381,0,0,1,400.19463087248323,89.80536912751677,22.44042328397256,459.8062015503876,30.193798449612416,7.902348993288587
2024-03-04,2024,3,4,Monday,10,Dinner,Roti-Dal,3.3,Cloudy,34.4,False,False,False,False,False,False,800,415,54.0,159.78,124.77,35.0,21.91,100.66,16082.59,3523.35,11,56,3.45,0,1,0,0.72479278722912,0.6889669190756866,1.0,6.123233995736766e-17,0.0,1.0,289.0,23.07,394.0,32.73,392.0,33.95,394.0,360.6666666666667,64.76367294504912,434.2857142857143,83.00946589739885,434.14285714285717,97.09381438180695,535.0,289.0,0,0,0,0,0.0,0.0,9,427.6744186046512,62.5028460038621,0,0,1343,447.6666666666667,30.90096798212956,2024-10,262.0952380952381,0,0,1,410.0973154362416,4.902684563758385,1.1954929669664252,459.8062015503876,-44.806201550387584,7.902348993288587
2024-03-04,2024,3,4,Monday,10,Lunch,Rice-Dal-Sabzi,3.4,Cloudy,34.4,False,False,False,False,False,False,800,438,62.47,168.63,135.04,33.59,19.92,110.86,18693.92,3723.6,12,68,3.76,0,1,0,0.72479278722912,0.6889669190756866,1.0,6.123233995736766e-17,0.0,1.0,378.0,22.06,501.0,37.15,501.0,36.16,501.0,422.0,38.574603043971585,511.7142857142857,90.2417388383637,525.5714285714286,95.79843766649152,617.0,378.0,0,0,0,0,0.0,0.0,9,494.30232558139534,69.65374733833367,0,0,1343,447.6666666666667,32.61355174981385,2024-10,262.0952380952381,0,0,1,506.33557046979865,-68.33557046979865,-13.496103069826626,459.8062015503876,-21.806201550387584,7.902348993288587
2024-03-05,2024,3,5,Tuesday,10,Breakfast,Poha,3.7,Cloudy,31.8,False,False,False,False,False,False,800,428,56.78,164.78,140.46,24.32,14.76,105.61,17402.42,2568.5,12,62,4.01,1,0,0,0.8486442574947509,0.5289640103269624,1.0,6.123233995736766e-17,0.7818314824680298,0.6234898018587336,490.0,31.2,478.0,33.03,521.0,33.33,478.0,417.3333333333333,78.54510381515412,413.57142857142856,67.32967929736279,422.5,98.00215853195824,512.0,334.0,0,0,0,0,0.0,0.0,9,435.7906976744186,71.04142257113264,0,0,1557,519.0,27.488760436737316,2024-10,262.0952380952381,0,0,1,400.19463087248323,27.80536912751677,6.947961562327053,506.13953488372096,-78.13953488372096,5.302348993288589
2024-03-05,2024,3,5,Tuesday,10,Dinner,Rice-Rajma,3.8,Cloudy,31.8,False,False,False,False,False,False,800,526,62.01,202.51,162.72,39.79,19.65,88.06,17833.41,3503.92,8,54,4.05,1,0,0,0.8486442574947509,0.5289640103269624,1.0,6.123233995736766e-17,0.7818314824680298,0.6234898018587336,415.0,35.0,504.0,37.09,590.0,34.81,504.0,410.0,118.5790875323299,437.42857142857144,86.43467117397032,429.57142857142856,90.47202226758726,535.0,289.0,0,0,0,0,0.0,0.0,9,498.04651162790697,86.12475820364762,0,0,1557,519.0,33.78291586384072,2024-10,262.0952380952381,0,0,1,410.0973154362416,115.90268456375838,28.262239278612867,506.13953488372096,19.860465116279045,5.302348993288589
2024-03-05,2024,3,5,Tuesday,10,Lunch,Roti-Paneer,4.0,Cloudy,31.8,False,False,False,False,False,False,800,603,72.93,232.16,184.82,47.34,20.39,137.73,31974.31,6519.94,11,63,4.19,1,0,0,0.8486442574947509,0.5289640103269624,1.0,6.123233995736766e-17,0.7818314824680298,0.6234898018587336,438.0,33.59,548.0,29.35,696.0,45.03,548.0,473.0,116.51180197731045,519.5714285714286,96.12987246924024,518.9285714285714,85.7711304180306,617.0,378.0,0,0,0,0,0.0,0.0,18,468.32941176470587,145.08555671570826,0,0,1557,519.0,38.72832369942196,2024-10,262.0952380952381,0,0,1,506.33557046979865,96.66442953020135,19.090981390170196,506.13953488372096,96.86046511627904,5.302348993288589
2024-03-06,2024,3,6,Wednesday,10,Breakfast,Upma,3.5,Sunny,25.2,False,True,False,False,False,False,800,169,21.28,65.06,54.28,10.79,16.58,127.21,8276.82,1372.2,11,80,3.66,2,0,0,0.9377521321470804,0.3473052528448203,1.0,6.123233995736766e-17,0.9749279121818236,-0.22252093395631434,428.0,24.32,402.0,30.72,393.0,32.95,402.0,362.3333333333333,170.27722494019375,380.2857142857143,114.83715177838322,406.5,119.18489191813894,512.0,169.0,0,0,0,0,0.0,0.0,9,402.1162790697674,78.48482088680939,0,1,511,170.33333333333334,33.07240704500978,2024-10,262.0952380952381,1,1,0,400.19463087248323,-231.19463087248323,-57.77054788777273,470.6046511627907,-301.6046511627907,-1.297651006711412
2024-03-06,2024,3,6,Wednesday,10,Dinner,Paratha-Paneer,4.1,Sunny,25.2,False,True,False,False,False,False,800,187,25.54,72.0,60.04,11.96,16.61,127.06,9147.96,1519.54,12,69,4.29,2,0,0,0.9377521321470804,0.3473052528448203,1.0,6.123233995736766e-17,0.9749279121818236,-0.22252093395631434,526.0,39.79,535.0,38.69,530.0,40.54,535.0,376.0,172.8322886500088,387.7142857142857,115.98809462715602,405.07142857142856,106.25040400698887,526.0,187.0,0,0,0,0,0.0,0.0,9,493.16279069767444,94.51730258140397,0,0,511,170.33333333333334,36.59491193737769,2024-10,262.0952380952381,1,1,0,410.0973154362416,-223.09731543624162,-54.40106702452356,470.6046511627907,-283.6046511627907,-1.297651006711412
2024-03-06,2024,3,6,Wednesday,10,Lunch,Rice-Sambar,3.6,Sunny,25.2,False,True,False,False,False,False,800,155,26.36,59.68,50.4,9.27,15.54,80.97,4832.14,750.88,12,52,3.77,2,0,0,0.9377521321470804,0.3473052528448203,1.0,6.123233995736766e-17,0.9749279121818236,-0.22252093395631434,603.0,47.34,617.0,52.51,548.0,35.24,617.0,398.6666666666667,226.57522665404818,453.57142857142856,157.25441927320324,490.85714285714283,128.96144751457678,603.0,155.0,0,0,0,0,0.0,0.0,9,516.5348837209302,108.15494811506254,0,0,511,170.33333333333334,30.332681017612522,2024-10,262.0952380952381,1,1,0,506.33557046979865,-351.33557046979865,-69.38789035576056,470.6046511627907,-315.6046511627907,-1.297651006711412
2024-03-07,2024,3,7,Thursday,10,Breakfast,Dosa,4.6,Rainy,27.2,False,True,False,False,False,False,800,199,27.81,76.61,59.96,16.66,21.74,96.37,7383.2,1605.28,8,84,4.67,3,0,0,0.9884683243281114,0.1514277775045767,1.0,6.123233995736766e-17,0.43388373911755823,-0.900968867902419,169.0,10.79,512.0,44.28,660.0,37.67,512.0,265.3333333333333,141.66980388683163,335.57142857142856,115.93512142984264,373.57142857142856,106.7993908695639,490.0,169.0,0,0,0,0,0.0,27.2,9,496.3488372093023,101.6197121205963,1,0,675,225.0,29.48148148148148,2024-10,262.0952380952381,1,1,0,400.19463087248323,-201.19463087248323,-50.27419544181523,502.8914728682171,-303.8914728682171,0.702348993288588
2024-03-07,2024,3,7,Thursday,10,Dinner,Rice-Curd-Pickle,3.2,Rainy,27.2,False,True,False,False,False,False,800,162,22.95,62.37,52.87,9.5,15.24,143.66,8959.9,1365.28,10,86,3.47,3,0,0,0.9884683243281114,0.1514277775045767,1.0,6.123233995736766e-17,0.43388373911755823,-0.900968867902419,187.0,11.96,445.0,36.13,454.0,31.0,445.0,291.6666666666667,203.32322379239733,347.2857142857143,139.60863665465484,384.2142857142857,123.21287306086207,526.0,162.0,0,0,0,0,0.0,27.2,9,405.6046511627907,82.89641830819832,0,1,675,225.0,24.0,2024-10,262.0952380952381,1,1,0,410.0973154362416,-248.09731543624162,-60.497181058678166,502.8914728682171,-340.8914728682171,0.702348993288588
2024-03-07,2024,3,7,Thursday,10,Lunch,Biryani,4.8,Rainy,27.2,False,True,False,False,False,False,800,314,34.87,120.89,99.58,21.31,17.62,144.07,17416.37,3069.39,9,86,4.44,3,0,0,0.9884683243281114,0.1514277775045767,1.0,6.123233995736766e-17,0.43388373911755823,-0.900968867902419,155.0,9.27,600.0,43.46,662.0,43.5,600.0,357.3333333333333,227.12184688693708,412.7142857142857,149.84849491593647,466.0,126.95910910452774,603.0,155.0,0,0,0,0,0.0,27.2,9,606.7209302325581,110.13462013143287,1,0,675,225.0,46.51851851851852,2024-10,262.0952380952381,1,1,0,506.33557046979865,-192.33557046979865,-37.98579078521818,502.8914728682171,-188.89147286821708,0.702348993288588
2024-03-08,2024,3,8,Friday,10,Breakfast,Paratha-Curry,3.7,Sunny,26.7,False,True,False,False,False,False,800,152,18.93,58.52,50.25,8.27,14.12,101.31,5928.4,837.38,11,52,3.68,4,0,1,0.9987165071710528,-0.05064916883871264,1.0,6.123233995736766e-17,-0.433883739117558,-0.9009688679024191,199.0,16.66,374.0,20.78,397.0,25.98,374.0,173.33333333333334,23.797758998135215,303.85714285714283,132.8074151687679,356.07142857142856,121.69853313426978,490.0,152.0,0,0,0,0,0.0,0.0,9,367.85714285714283,69.70270367033623,0,0,544,181.33333333333334,27.941176470588236,2024-10,262.0952380952381,1,1,0,400.19463087248323,-248.19463087248323,-62.01848094048198,432.13492063492066,-280.13492063492066,0.20234899328858802
2024-03-08,2024,3,8,Friday,10,Dinner,Noodles,4.2,Sunny,26.7,False,True,False,False,False,False,800,156,22.23,60.06,50.47,9.59,15.97,146.22,8781.86,1402.59,11,82,4.32,4,0,1,0.9987165071710528,-0.05064916883871264,1.0,6.123233995736766e-17,-0.433883739117558,-0.9009688679024191,162.0,9.5,474.0,38.85,470.0,30.47,474.0,168.33333333333334,16.441816606850267,301.85714285714283,143.19616914269344,361.7857142857143,134.46142058737018,526.0,156.0,0,0,0,0,0.0,0.0,9,427.35714285714283,84.50424189917749,0,0,544,181.33333333333334,28.676470588235293,2024-10,262.0952380952381,1,1,0,410.0973154362416,-254.09731543624162,-61.960248426875275,432.13492063492066,-276.13492063492066,0.20234899328858802
2024-03-08,2024,3,8,Friday,10,Lunch,Chole-Bhature,4.5,Sunny,26.7,False,True,False,False,False,False,800,236,26.52,90.86,77.54,13.32,14.66,89.5,8131.65,1192.2,11,68,4.5,4,0,1,0.9987165071710528,-0.05064916883871264,1.0,6.123233995736766e-17,-0.433883739117558,-0.9009688679024191,314.0,21.31,551.0,43.29,516.0,35.18,551.0,235.0,79.50471684120319,367.7142857142857,148.69287618635747,446.0,139.87411923143333,603.0,155.0,0,0,0,0,0.0,0.0,9,501.1904761904762,97.64825828507733,1,0,544,181.33333333333334,43.38235294117647,2024-10,262.0952380952381,1,1,0,506.33557046979865,-270.33557046979865,-53.39059434812577,432.13492063492066,-196.13492063492066,0.20234899328858802
2024-03-09,2024,3,9,Saturday,10,Breakfast,Bread-Omelette,3.9,Sunny,31.5,False,True,True,False,False,False,800,133,16.63,51.2,41.5,9.71,18.96,86.93,4451.33,843.78,11,84,3.96,5,0,0,0.9680771188662043,-0.2506525322587204,1.0,6.123233995736766e-17,-0.9749279121818236,-0.2225209339563146,152.0,8.27,355.0,22.49,325.0,22.95,355.0,161.33333333333334,33.97548135543226,272.14285714285717,144.5469111527793,342.35714285714283,135.50453137064463,490.0,133.0,0,1,0,0,3.9,0.0,9,320.9761904761905,53.05978592771122,0,0,439,146.33333333333334,30.296127562642365,2024-10,262.0952380952381,2,1,0,400.19463087248323,-267.19463087248323,-66.76617082292174,361.4761904761905,-228.47619047619048,5.002348993288589
2024-03-09,2024,3,9,Saturday,10,Dinner,Roti-Paneer,4.0,Sunny,31.5,False,True,True,False,False,False,800,150,18.15,57.75,49.62,8.13,14.09,139.88,8078.16,1137.88,8,88,4.02,5,0,0,0.9680771188662043,-0.2506525322587204,1.0,6.123233995736766e-17,-0.9749279121818236,-0.2225209339563146,156.0,9.59,378.0,29.16,365.0,21.85,378.0,156.0,5.9999999999970015,269.2857142857143,148.81052190141477,346.42857142857144,145.8606892186538,526.0,150.0,0,1,0,0,4.0,0.0,19,468.32941176470587,145.08555671570826,0,0,439,146.33333333333334,34.16856492027335,2024-10,262.0952380952381,2,1,0,410.0973154362416,-260.0973154362416,-63.42331579507238,361.4761904761905,-211.47619047619048,5.002348993288589
2024-03-09,2024,3,9,Saturday,10,Lunch,Fried Rice,4.2,Sunny,31.5,False,True,True,False,False,False,800,156,21.32,60.06,51.61,8.45,14.08,82.29,4942.35,695.74,10,58,4.19,5,0,0,0.9680771188662043,-0.2506525322587204,1.0,6.123233995736766e-17,-0.9749279121818236,-0.2225209339563146,236.0,13.32,450.0,25.93,409.0,33.06,450.0,235.33333333333334,79.00210967647149,325.7142857142857,162.46098432722678,427.92857142857144,159.92809167089592,603.0,155.0,0,1,0,0,4.2,0.0,9,414.14285714285717,69.65159687857265,0,0,439,146.33333333333334,35.53530751708428,2024-10,262.0952380952381,2,1,0,506.33557046979865,-350.33557046979865,-69.19039287418482,361.4761904761905,-205.47619047619048,5.002348993288589
2024-03-10,2024,3,10,Sunday,10,Breakfast,Puri-Bhaji,4.3,Rainy,28.6,False,True,True,False,False,False,800,135,17.86,51.98,43.21,8.77,16.87,84.24,4378.3,738.41,10,57,4.5,6,0,0,0.8978045395707416,-0.4403941515576344,1.0,6.123233995736766e-17,-0.7818314824680299,0.6234898018587334,133.0,9.71,334.0,19.11,275.0,21.19,334.0,140.0,10.440306508910085,243.71428571428572,149.82624857448943,332.35714285714283,145.6442489518458,490.0,133.0,0,1,1,0,4.3,28.6,9,316.2857142857143,54.82089939478339,1,0,435,145.0,31.03448275862069,2024-10,262.0952380952381,2,1,0,400.19463087248323,-265.19463087248323,-66.26641399319124,334.6984126984127,-199.6984126984127,2.10234899328859
2024-03-10,2024,3,10,Sunday,10,Dinner,Khichdi,3.0,Rainy,28.6,False,True,True,False,False,False,800,114,14.85,43.89,36.47,7.42,16.91,147.98,6494.69,1098.49,8,66,3.26,6,0,0,0.8978045395707416,-0.4403941515576344,1.0,6.123233995736766e-17,-0.7818314824680299,0.6234898018587334,150.0,8.13,289.0,23.07,235.0,17.92,289.0,140.0,22.715633383200302,244.28571428571428,159.27828297847591,337.7857142857143,156.19030727901182,526.0,114.0,0,1,1,0,3.0,28.6,9,265.14285714285717,46.54165269454953,0,1,435,145.0,26.20689655172414,2024-10,262.0952380952381,2,1,0,410.0973154362416,-296.0973154362416,-72.20172000425501,334.6984126984127,-220.6984126984127,2.10234899328859
2024-03-10,2024,3,10,Sunday,10,Lunch,Rice-Chicken,4.7,Rainy,28.6,False,True,True,False,False,False,800,186,23.19,71.61,61.51,10.1,14.1,137.69,9860.22,1390.28,8,87,4.44,6,0,0,0.8978045395707416,-0.4403941515576344,1.0,6.123233995736766e-17,-0.7818314824680299,0.6234898018587334,156.0,8.45,378.0,22.06,444.0,31.32,378.0,192.66666666666666,40.414518843272276,298.2857142857143,168.26637046234586,409.5,172.31846635272098,603.0,155.0,0,1,1,0,4.7,28.6,9,422.6666666666667,73.28350117670038,1,0,435,145.0,42.758620689655174,2024-10,262.0952380952381,2,1,0,506.33557046979865,-320.33557046979865,-63.265468426912676,334.6984126984127,-148.6984126984127,2.10234899328859
2024-03-11,2024,3,11,Monday,11,Breakfast,Idli-Sambar,3.9,Sunny,28.3,False,False,False,False,False,False,800,476,56.7,183.26,151.02,32.24,17.59,84.8,15540.94,2734.39,12,58,4.04,0,1,0,0.7907757369376989,-0.6121059825476626,1.0,6.123233995736766e-17,0.0,1.0,135.0,8.77,490.0,31.2,492.0,35.98,490.0,248.0,197.4563242846377,241.71428571428572,146.03619903493572,331.2142857142857,144.3522287118073,476.0,133.0,0,0,0,0,0.0,0.0,10,457.4418604651163,63.9487526687177,0,0,1427,475.6666666666667,33.35669236159776,2024-11,452.9047619047619,0,0,1,400.19463087248323,75.80536912751677,18.942125475859058,459.8062015503876,16.193798449612416,1.8023489932885894
2024-03-11,2024,3,11,Monday,11,Dinner,Roti-Dal,3.3,Sunny,28.3,False,False,False,False,False,False,800,389,54.0,149.76,127.41,22.35,14.92,90.13,13498.04,2014.39,9,79,3.47,0,1,0,0.7907757369376989,-0.6121059825476626,1.0,6.123233995736766e-17,0.0,1.0,114.0,7.42,415.0,35.0,394.0,32.73,415.0,217.66666666666666,149.46683021103144,240.57142857142858,154.87614098891754,337.42857142857144,156.05754081093323,526.0,114.0,0,0,0,0,0.0,0.0,10,427.6744186046512,62.5028460038621,0,0,1427,475.6666666666667,27.25998598458304,2024-11,452.9047619047619,0,0,1,410.0973154362416,-21.097315436241615,-5.144465628554363,459.8062015503876,-70.80620155038758,1.8023489932885894
2024-03-11,2024,3,11,Monday,11,Lunch,Rice-Dal-Sabzi,3.4,Sunny,28.3,False,False,False,False,False,False,800,562,62.47,216.37,183.19,33.18,15.34,96.31,20838.57,3195.78,9,83,3.43,0,1,0,0.7907757369376989,-0.6121059825476626,1.0,6.123233995736766e-17,0.0,1.0,186.0,10.1,438.0,33.59,501.0,37.15,438.0,301.3333333333333,226.2417585975968,316.0,190.4862199740443,413.85714285714283,175.55093810097355,603.0,155.0,0,0,0,0,0.0,0.0,10,494.30232558139534,69.65374733833367,0,0,1427,475.6666666666667,39.3833216538192,2024-11,452.9047619047619,0,0,1,506.33557046979865,55.664429530201346,10.993584645564923,459.8062015503876,102.19379844961242,1.8023489932885894
2024-03-12,2024,3,12,Tuesday,11,Breakfast,Poha,3.7,Sunny,34.4,False,False,False,False,False,False,800,383,56.78,147.45,122.8,24.65,16.72,81.8,12062.5,2016.57,8,67,4.0,1,0,0,0.6513724827222223,-0.758758122692791,1.0,6.123233995736766e-17,0.7818314824680298,0.6234898018587336,476.0,32.24,428.0,24.32,478.0,33.03,428.0,331.3333333333333,176.2734617953972,235.28571428571428,137.19173236230876,324.42857142857144,139.05710740871575,476.0,133.0,0,0,0,0,0.0,0.0,10,435.7906976744186,71.04142257113264,0,0,1477,492.3333333333333,25.93094109681787,2024-11,452.9047619047619,0,0,1,400.19463087248323,-17.19463087248323,-4.296567106609203,506.13953488372096,-123.13953488372096,7.902348993288587
2024-03-12,2024,3,12,Tuesday,11,Dinner,Rice-Rajma,3.8,Sunny,34.4,False,False,False,False,False,False,800,519,62.01,199.81,167.88,31.94,15.98,116.83,23343.58,3731.33,8,75,3.91,1,0,0,0.6513724827222223,-0.758758122692791,1.0,6.123233995736766e-17,0.7818314824680298,0.6234898018587336,389.0,22.35,526.0,39.79,504.0,37.09,526.0,340.6666666666667,206.78088241743552,239.57142857142858,152.73381762929606,338.5,157.33538405877783,519.0,114.0,0,0,0,0,0.0,0.0,10,498.04651162790697,86.12475820364762,0,0,1477,492.3333333333333,35.138794854434664,2024-11,452.9047619047619,0,0,1,410.0973154362416,108.90268456375838,26.55532734904958,506.13953488372096,12.860465116279045,7.902348993288587
2024-03-12,2024,3,12,Tuesday,11,Lunch,Roti-Paneer,4.0,Sunny,34.4,False,False,False,False,False,False,800,575,72.93,221.38,175.85,45.52,20.56,102.66,22727.24,4673.69,9,61,3.87,1,0,0,0.6513724827222223,-0.758758122692791,1.0,6.123233995736766e-17,0.7818314824680298,0.6234898018587336,562.0,33.18,603.0,47.34,548.0,29.35,603.0,441.0,220.93211627103926,312.0,183.62552473262895,415.7857142857143,177.27778227378656,575.0,155.0,0,0,0,0,0.0,0.0,20,468.32941176470587,145.08555671570826,0,0,1477,492.3333333333333,38.93026404874746,2024-11,452.9047619047619,0,0,1,506.33557046979865,68.66442953020135,13.56105190604952,506.13953488372096,68.86046511627904,7.902348993288587
2024-03-13,2024,3,13,Wednesday,11,Breakfast,Upma,3.5,Sunny,28.8,False,False,False,False,False,False,800,403,53.2,155.16,128.27,26.89,17.33,111.64,17321.56,3001.88,9,84,3.52,2,0,0,0.48530196253108104,-0.8743466161445821,1.0,6.123233995736766e-17,0.9749279121818236,-0.22252093395631434,383.0,24.65,169.0,10.79,402.0,30.72,169.0,420.6666666666667,48.952357791360555,268.7142857142857,146.53863459365033,324.5,139.10026820745028,476.0,133.0,0,0,0,0,0.0,0.0,10,402.1162790697674,78.48482088680939,0,1,1410,470.0,28.581560283687946,2024-11,452.9047619047619,0,0,1,400.19463087248323,2.8053691275167694,0.7010011906958001,470.6046511627907,-67.60465116279067,2.3023489932885894
2024-03-13,2024,3,13,Wednesday,11,Dinner,Paratha-Paneer,4.1,Sunny,28.8,False,False,False,False,False,False,800,489,63.84,188.26,161.98,26.29,13.96,84.26,15862.79,2214.98,11,70,4.11,2,0,0,0.48530196253108104,-0.8743466161445821,1.0,6.123233995736766e-17,0.9749279121818236,-0.22252093395631434,519.0,31.94,187.0,11.96,535.0,38.69,187.0,465.6666666666667,68.06859285554013,282.7142857142857,176.25144376308364,335.2142857142857,153.34585272986874,519.0,114.0,0,0,0,0,0.0,0.0,10,493.16279069767444,94.51730258140397,0,0,1410,470.0,34.680851063829785,2024-11,452.9047619047619,0,0,1,410.0973154362416,78.90268456375838,19.239990508064054,470.6046511627907,18.395348837209326,2.3023489932885894
2024-03-13,2024,3,13,Wednesday,11,Lunch,Rice-Sambar,3.6,Sunny,28.8,False,False,False,False,False,False,800,518,65.89,199.43,168.3,31.13,15.61,140.69,28057.54,4378.95,12,64,3.78,2,0,0,0.48530196253108104,-0.8743466161445821,1.0,6.123233995736766e-17,0.9749279121818236,-0.22252093395631434,575.0,45.52,155.0,9.27,617.0,52.51,155.0,551.6666666666666,29.871948937647144,363.85714285714283,183.15424153012725,408.7142857142857,170.47825422861166,575.0,156.0,0,0,0,0,0.0,0.0,10,516.5348837209302,108.15494811506254,0,0,1410,470.0,36.737588652482266,2024-11,452.9047619047619,0,0,1,506.33557046979865,11.664429530201346,2.303695456232438,470.6046511627907,47.395348837209326,2.3023489932885894
2024-03-14,2024,3,14,Thursday,11,Breakfast,Dosa,4.6,Sunny,26.2,False,False,False,False,False,False,800,539,63.2,207.51,173.79,33.72,16.25,111.05,23044.41,3744.92,8,65,4.54,3,0,0,0.29936312297335804,-0.9541392564000488,1.0,6.123233995736766e-17,0.43388373911755823,-0.900968867902419,403.0,26.89,199.0,16.66,512.0,44.28,199.0,441.6666666666667,84.88423489278432,317.2857142857143,173.45577177454987,326.42857142857144,142.05563064448444,539.0,133.0,0,0,0,0,0.0,0.0,10,496.3488372093023,101.6197121205963,1,0,1584,528.0,34.02777777777778,2024-11,452.9047619047619,0,0,1,400.19463087248323,138.80536912751677,34.68446561236982,502.8914728682171,36.10852713178292,-0.297651006711412
2024-03-14,2024,3,14,Thursday,11,Dinner,Rice-Curd-Pickle,3.2,Sunny,26.2,False,False,False,False,False,False,800,393,52.17,151.31,122.16,29.15,19.26,121.82,18431.59,3550.75,10,74,3.52,3,0,0,0.29936312297335804,-0.9541392564000488,1.0,6.123233995736766e-17,0.43388373911755823,-0.900968867902419,489.0,26.29,162.0,9.5,445.0,36.13,162.0,467.0,65.817930687617,315.7142857142857,171.44261847210404,331.5,151.09535959885645,519.0,114.0,0,0,0,0,0.0,0.0,10,405.6046511627907,82.89641830819832,0,1,1584,528.0,24.810606060606062,2024-11,452.9047619047619,0,0,1,410.0973154362416,-17.097315436241615,-4.169087383089627,502.8914728682171,-109.89147286821708,-0.297651006711412
2024-03-14,2024,3,14,Thursday,11,Lunch,Biryani,4.8,Sunny,26.2,False,False,False,False,False,False,800,652,79.25,251.02,195.47,55.55,22.13,99.25,24914.02,5513.51,12,80,4.73,3,0,0,0.29936312297335804,-0.9541392564000488,1.0,6.123233995736766e-17,0.43388373911755823,-0.900968867902419,518.0,31.13,314.0,21.31,600.0,43.46,314.0,581.6666666666666,67.24829613702798,412.14285714285717,210.3540100017338,412.42857142857144,175.46014857016314,652.0,156.0,0,0,0,0,0.0,0.0,10,606.7209302325581,110.13462013143287,1,0,1584,528.0,41.16161616161616,2024-11,452.9047619047619,0,0,1,506.33557046979865,145.66442953020135,28.76835798738137,502.8914728682171,149.10852713178292,-0.297651006711412
2024-03-15,2024,3,15,Friday,11,Breakfast,Paratha-Curry,3.7,Sunny,30.7,False,False,False,False,False,False,800,387,47.32,149.0,125.87,23.12,15.52,88.01,13112.9,2034.77,12,58,3.83,4,0,1,0.10116832198743272,-0.994869323391895,1.0,6.123233995736766e-17,-0.433883739117558,-0.9009688679024191,539.0,33.72,152.0,8.27,374.0,20.78,152.0,443.0,83.52245207128472,350.85714285714283,158.20496049052798,327.35714285714283,142.43249798945632,539.0,133.0,0,0,0,0,0.0,0.0,10,367.85714285714283,69.70270367033623,0,0,1417,472.3333333333333,27.31122088920254,2024-11,452.9047619047619,0,0,1,400.19463087248323,-13.19463087248323,-3.2970534471482016,432.13492063492066,-45.13492063492066,4.202348993288588
2024-03-15,2024,3,15,Friday,11,Dinner,Noodles,4.2,Sunny,30.7,False,False,False,False,False,False,800,466,55.58,179.41,140.19,39.22,21.86,109.87,19712.4,4309.69,10,68,4.42,4,0,1,0.10116832198743272,-0.994869323391895,1.0,6.123233995736766e-17,-0.433883739117558,-0.9009688679024191,393.0,29.15,156.0,9.59,474.0,38.85,156.0,449.3333333333333,50.12318159627627,360.0,163.14819439188818,330.92857142857144,150.52904870985716,519.0,114.0,0,0,0,0,0.0,0.0,10,427.35714285714283,84.50424189917749,0,0,1417,472.3333333333333,32.886379675370506,2024-11,452.9047619047619,0,0,1,410.0973154362416,55.902684563758385,13.631565596641817,432.13492063492066,33.86507936507934,4.202348993288588
2024-03-15,2024,3,15,Friday,11,Lunch,Chole-Bhature,4.5,Sunny,30.7,False,False,False,False,False,False,800,564,66.3,217.14,185.32,31.82,14.65,108.97,23661.08,3467.23,11,70,4.39,4,0,1,0.10116832198743272,-0.994869323391895,1.0,6.123233995736766e-17,-0.433883739117558,-0.9009688679024191,652.0,55.55,236.0,13.32,551.0,43.29,236.0,578.0,68.08817812219738,459.0,200.89715445139254,413.35714285714283,176.28238148487216,652.0,156.0,0,0,0,0,0.0,0.0,10,501.1904761904762,97.64825828507733,1,0,1417,472.3333333333333,39.80239943542696,2024-11,452.9047619047619,0,0,1,506.33557046979865,57.664429530201346,11.3885796087164,432.13492063492066,131.86507936507934,4.202348993288588
2024-03-16,2024,3,16,Saturday,11,Breakfast,Bread-Omelette,3.9,Cloudy,25.5,False,False,True,False,False,False,800,317,41.58,122.05,99.57,22.48,18.42,86.39,10542.95,1941.56,8,50,3.97,5,0,0,-0.10116832198743204,-0.9948693233918952,1.0,6.123233995736766e-17,-0.9749279121818236,-0.2225209339563146,387.0,23.12,133.0,9.71,355.0,22.49,133.0,414.3333333333333,113.4959617490128,377.14285714285717,128.46585612712897,324.64285714285717,142.22712450533103,539.0,135.0,0,0,0,0,3.9,0.0,10,320.9761904761905,53.05978592771122,0,0,1148,382.6666666666667,27.61324041811847,2024-11,452.9047619047619,1,1,0,400.19463087248323,-83.19463087248323,-20.78854248771571,361.4761904761905,-44.47619047619048,-0.9976510067114113
2024-03-16,2024,3,16,Saturday,11,Dinner,Roti-Paneer,4.0,Cloudy,25.5,False,False,True,False,False,False,800,380,45.38,146.3,125.77,20.53,14.03,119.32,17456.2,2449.22,8,71,4.01,5,0,0,-0.10116832198743204,-0.9948693233918952,1.0,6.123233995736766e-17,-0.9749279121818236,-0.2225209339563146,466.0,39.22,150.0,8.13,378.0,29.16,150.0,413.0,46.35730794599654,392.85714285714283,134.44134851479356,331.07142857142856,150.5780984614422,519.0,114.0,0,0,0,0,4.0,0.0,21,468.32941176470587,145.08555671570826,0,0,1148,382.6666666666667,33.10104529616725,2024-11,452.9047619047619,1,1,0,410.0973154362416,-30.097315436241615,-7.339066680850021,361.4761904761905,18.52380952380952,-0.9976510067114113
2024-03-16,2024,3,16,Saturday,11,Lunch,Fried Rice,4.2,Cloudy,25.5,False,False,True,False,False,False,800,451,53.3,173.64,145.93,27.71,15.96,106.09,18420.12,2939.53,9,80,4.02,5,0,0,-0.10116832198743204,-0.9948693233918952,1.0,6.123233995736766e-17,-0.9749279121818236,-0.2225209339563146,564.0,31.82,156.0,8.45,450.0,25.93,156.0,555.6666666666666,100.75878787149733,501.14285714285717,151.64698982772302,413.42857142857144,176.2985729187471,652.0,186.0,0,0,0,0,4.2,0.0,10,414.14285714285717,69.65159687857265,0,0,1148,382.6666666666667,39.285714285714285,2024-11,452.9047619047619,1,1,0,506.33557046979865,-55.335570469798654,-10.928635809342028,361.4761904761905,89.52380952380952,-0.9976510067114113
2024-03-17,2024,3,17,Sunday,11,Breakfast,Puri-Bhaji,4.3,Cloudy,27.9,False,False,True,False,False,False,800,327,40.6,125.89,105.87,20.03,15.91,140.77,17721.79,2818.92,8,63,4.33,6,0,0,-0.2993631229733582,-0.9541392564000488,1.0,6.123233995736766e-17,-0.7818314824680299,0.6234898018587334,317.0,22.48,135.0,8.77,334.0,19.11,135.0,343.6666666666667,37.85938897200223,404.57142857142856,79.1998677247574,324.14285714285717,142.20400142744936,539.0,317.0,0,0,0,0,4.3,0.0,10,316.2857142857143,54.82089939478339,1,0,1048,349.3333333333333,31.202290076335874,2024-11,452.9047619047619,1,1,0,400.19463087248323,-73.19463087248323,-18.28975833906321,334.6984126984127,-7.69841269841271,1.4023489932885873
2024-03-17,2024,3,17,Sunday,11,Dinner,Khichdi,3.0,Cloudy,27.9,False,False,True,False,False,False,800,257,33.75,98.94,78.47,20.47,20.69,87.58,8665.14,1792.7,12,68,3.2,6,0,0,-0.2993631229733582,-0.9541392564000488,1.0,6.123233995736766e-17,-0.7818314824680299,0.6234898018587334,380.0,20.53,114.0,7.42,289.0,23.07,114.0,367.6666666666667,105.04443504219198,413.2857142857143,87.76999161770168,328.7857142857143,151.50586613239608,519.0,257.0,0,0,0,0,3.0,0.0,10,265.14285714285717,46.54165269454953,0,1,1048,349.3333333333333,24.52290076335878,2024-11,452.9047619047619,1,1,0,410.0973154362416,-153.09731543624162,-37.331947728890675,334.6984126984127,-77.69841269841271,1.4023489932885873
2024-03-17,2024,3,17,Sunday,11,Lunch,Rice-Chicken,4.7,Cloudy,27.9,False,False,True,False,False,False,800,464,52.7,178.64,143.75,34.89,19.53,120.45,21517.96,4202.56,9,54,4.64,6,0,0,-0.2993631229733582,-0.9541392564000488,1.0,6.123233995736766e-17,-0.7818314824680299,0.6234898018587334,451.0,27.71,186.0,10.1,378.0,22.06,186.0,493.0,61.83041322844315,540.8571428571429,69.52800052599576,419.57142857142856,176.4673490329734,652.0,451.0,0,0,0,0,4.7,0.0,10,422.6666666666667,73.28350117670038,1,0,1048,349.3333333333333,44.274809160305345,2024-11,452.9047619047619,1,1,0,506.33557046979865,-42.335570469798654,-8.36116854885743,334.6984126984127,129.3015873015873,1.4023489932885873
2024-03-18,2024,3,18,Monday,12,Breakfast,Idli-Sambar,3.9,Sunny,29.6,False,False,False,False,False,False,800,445,56.7,171.33,135.91,35.42,20.67,110.04,18852.24,3897.0,12,84,4.06,0,1,0,-0.4853019625310808,-0.8743466161445822,1.0,6.123233995736766e-17,0.0,1.0,327.0,20.03,476.0,32.24,490.0,31.2,476.0,363.0,71.18988692223097,400.14285714285717,75.31141695526345,320.92857142857144,138.63036868189852,539.0,317.0,0,0,0,0,0.0,0.0,11,457.4418604651163,63.9487526687177,0,0,1404,468.0,31.695156695156694,2024-12,457.95238095238096,0,0,1,400.19463087248323,44.80536912751677,11.195894615036305,459.8062015503876,-14.806201550387584,3.10234899328859
2024-03-18,2024,3,18,Monday,12,Dinner,Roti-Dal,3.3,Sunny,29.6,False,False,False,False,False,False,800,469,54.0,180.56,151.06,29.5,16.34,101.63,18350.63,2998.33,10,67,3.36,0,1,0,-0.4853019625310808,-0.8743466161445822,1.0,6.123233995736766e-17,0.0,1.0,257.0,20.47,389.0,22.35,415.0,35.0,389.0,368.6666666666667,106.45343269868422,424.7142857142857,89.27618996819974,332.64285714285717,154.52687450749463,519.0,257.0,0,0,0,0,0.0,0.0,11,427.6744186046512,62.5028460038621,0,0,1404,468.0,33.4045584045584,2024-12,457.95238095238096,0,0,1,410.0973154362416,58.902684563758385,14.363099280740368,459.8062015503876,9.193798449612416,3.10234899328859
2024-03-18,2024,3,18,Monday,12,Lunch,Rice-Dal-Sabzi,3.4,Sunny,29.6,False,False,False,False,False,False,800,490,62.47,188.65,156.8,31.85,16.88,81.84,15438.69,2606.75,10,46,3.51,0,1,0,-0.4853019625310808,-0.8743466161445822,1.0,6.123233995736766e-17,0.0,1.0,464.0,34.89,562.0,33.18,438.0,33.59,562.0,468.3333333333333,19.857828011475927,530.5714285714286,71.1848699815187,423.2857142857143,177.42969510004994,652.0,451.0,0,0,0,0,0.0,0.0,11,494.30232558139534,69.65374733833367,0,0,1404,468.0,34.9002849002849,2024-12,457.95238095238096,0,0,1,506.33557046979865,-16.335570469798654,-3.226234027888234,459.8062015503876,30.193798449612416,3.10234899328859
2024-03-19,2024,3,19,Tuesday,12,Breakfast,Poha,3.7,Cloudy,30.5,False,False,False,False,False,False,800,483,56.78,185.95,153.27,32.69,17.58,108.05,20093.35,3532.19,9,85,4.08,1,0,0,-0.651372482722222,-0.7587581226927911,1.0,6.123233995736766e-17,0.7818314824680298,0.6234898018587336,445.0,35.42,383.0,24.65,428.0,24.32,383.0,418.3333333333333,81.34699338840605,414.42857142857144,80.80193302732557,324.85714285714283,142.61991291695404,539.0,317.0,0,0,0,0,0.0,0.0,11,435.7906976744186,71.04142257113264,0,0,1622,540.6666666666666,29.778051787916155,2024-12,457.95238095238096,0,0,1,400.19463087248323,82.80536912751677,20.69127437991581,506.13953488372096,-23.139534883720955,4.002348993288589
2024-03-19,2024,3,19,Tuesday,12,Dinner,Rice-Rajma,3.8,Cloudy,30.5,False,False,False,False,False,False,800,496,62.01,190.96,150.29,40.67,21.3,101.81,19442.52,4140.53,10,81,3.98,1,0,0,-0.651372482722222,-0.7587581226927911,1.0,6.123233995736766e-17,0.7818314824680298,0.6234898018587336,469.0,29.5,519.0,31.94,526.0,39.79,519.0,407.3333333333333,130.8905395104371,421.42857142857144,85.57425068881628,330.5,151.82365783013896,496.0,257.0,0,0,0,0,0.0,0.0,11,498.04651162790697,86.12475820364762,0,0,1622,540.6666666666666,30.579531442663377,2024-12,457.95238095238096,0,0,1,410.0973154362416,85.90268456375838,20.946902437627344,506.13953488372096,-10.139534883720955,4.002348993288589
2024-03-19,2024,3,19,Tuesday,12,Lunch,Roti-Paneer,4.0,Cloudy,30.5,False,False,False,False,False,False,800,643,72.93,247.56,193.36,54.2,21.89,117.13,28997.05,6348.36,11,71,4.05,1,0,0,-0.651372482722222,-0.7587581226927911,1.0,6.123233995736766e-17,0.7818314824680298,0.6234898018587336,490.0,31.85,575.0,45.52,603.0,47.34,575.0,532.3333333333334,96.71780256671153,540.2857142857143,82.06646551366015,426.14285714285717,180.83560623814236,652.0,451.0,0,0,0,0,0.0,0.0,22,468.32941176470587,145.08555671570826,0,0,1622,540.6666666666666,39.64241676942047,2024-12,457.95238095238096,0,0,1,506.33557046979865,136.66442953020135,26.990880653199724,506.13953488372096,136.86046511627904,4.002348993288589
2024-03-20,2024,3,20,Wednesday,12,Breakfast,Upma,3.5,Cloudy,30.0,False,False,False,False,False,False,800,414,53.2,159.39,125.42,33.97,21.31,132.81,21168.67,4511.66,8,88,3.54,2,0,0,-0.7907757369376986,-0.6121059825476627,1.0,6.123233995736766e-17,0.9749279121818236,-0.22252093395631434,483.0,32.69,403.0,26.89,169.0,10.79,403.0,447.3333333333333,34.55912807542146,416.0,80.6494471979403,342.35714285714283,136.9427770122403,539.0,317.0,0,0,0,0,0.0,0.0,11,402.1162790697674,78.48482088680939,0,1,1458,486.0,28.39506172839506,2024-12,457.95238095238096,0,0,1,400.19463087248323,13.80536912751677,3.4496637542135513,470.6046511627907,-56.604651162790674,3.5023489932885887
2024-03-20,2024,3,20,Wednesday,12,Dinner,Paratha-Paneer,4.1,Cloudy,30.0,False,False,False,False,False,False,800,504,63.84,194.04,153.74,40.3,20.77,115.86,22482.3,4669.02,10,72,3.97,2,0,0,-0.7907757369376986,-0.6121059825476627,1.0,6.123233995736766e-17,0.9749279121818236,-0.22252093395631434,496.0,40.67,489.0,26.29,187.0,11.96,489.0,489.6666666666667,18.339392937970796,423.57142857142856,87.70947714444759,353.14285714285717,152.41333332692454,504.0,257.0,0,0,0,0,0.0,0.0,11,493.16279069767444,94.51730258140397,0,0,1458,486.0,34.5679012345679,2024-12,457.95238095238096,0,0,1,410.0973154362416,93.90268456375838,22.897658928556815,470.6046511627907,33.395348837209326,3.5023489932885887
2024-03-20,2024,3,20,Wednesday,12,Lunch,Rice-Sambar,3.6,Cloudy,30.0,False,False,False,False,False,False,800,540,65.89,207.9,169.02,38.88,18.7,109.68,22802.69,4263.87,12,73,3.76,2,0,0,-0.7907757369376986,-0.6121059825476627,1.0,6.123233995736766e-17,0.9749279121818236,-0.22252093395631434,643.0,54.2,518.0,31.13,155.0,9.27,518.0,557.6666666666666,78.01495583113153,543.4285714285714,81.48999354288266,453.64285714285717,165.01217071330368,652.0,451.0,0,0,0,0,0.0,0.0,11,516.5348837209302,108.15494811506254,0,0,1458,486.0,37.03703703703704,2024-12,457.95238095238096,0,0,1,506.33557046979865,33.664429530201346,6.648640050898681,470.6046511627907,69.39534883720933,3.5023489932885887
2024-03-21,2024,3,21,Thursday,12,Breakfast,Dosa,4.6,Cloudy,28.3,False,False,False,False,False,False,800,529,63.2,203.66,168.36,35.31,17.34,116.89,23805.46,4126.71,10,47,4.37,3,0,0,-0.8978045395707417,-0.44039415155763423,1.0,6.123233995736766e-17,0.43388373911755823,-0.900968867902419,414.0,33.97,539.0,33.72,199.0,16.66,539.0,475.3333333333333,57.882064003742904,414.57142857142856,78.15765508009484,365.92857142857144,138.7579321561969,529.0,317.0,0,0,0,0,0.0,0.0,11,496.3488372093023,101.6197121205963,1,0,1607,535.6666666666666,32.918481642812694,2024-12,457.95238095238096,0,0,1,400.19463087248323,128.80536912751677,32.185681463717316,502.8914728682171,26.10852713178292,1.8023489932885894
2024-03-21,2024,3,21,Thursday,12,Dinner,Rice-Curd-Pickle,3.2,Cloudy,28.3,False,False,False,False,False,False,800,486,52.17,187.11,157.64,29.47,15.75,133.49,24977.55,3934.31,10,65,3.34,3,0,0,-0.8978045395707417,-0.44039415155763423,1.0,6.123233995736766e-17,0.43388373911755823,-0.900968867902419,504.0,40.3,393.0,29.15,162.0,9.5,393.0,495.3333333333333,9.018499505643538,436.85714285714283,89.33537666461991,376.2857142857143,145.60348081819214,504.0,257.0,0,0,0,0,0.0,0.0,11,405.6046511627907,82.89641830819832,0,1,1607,535.6666666666666,30.242688238954575,2024-12,457.95238095238096,0,0,1,410.0973154362416,75.90268456375838,18.5084568239655,502.8914728682171,-16.89147286821708,1.8023489932885894
2024-03-21,2024,3,21,Thursday,12,Lunch,Biryani,4.8,Cloudy,28.3,False,False,False,False,False,False,800,592,79.25,227.92,196.52,31.4,13.78,83.83,19107.61,2632.6,9,64,4.84,3,0,0,-0.8978045395707417,-0.44039415155763423,1.0,6.123233995736766e-17,0.43388373911755823,-0.900968867902419,540.0,38.88,652.0,55.55,314.0,21.31,652.0,591.6666666666666,51.50080905513446,534.8571428571429,70.59374044825928,473.5,163.63644036517238,643.0,451.0,0,0,0,0,0.0,0.0,11,606.7209302325581,110.13462013143287,1,0,1607,535.6666666666666,36.83883011823273,2024-12,457.95238095238096,0,0,1,506.33557046979865,85.66442953020135,16.918509092837073,502.8914728682171,89.10852713178292,1.8023489932885894
2024-03-22,2024,3,22,Friday,12,Breakfast,Paratha-Curry,3.7,Sunny,25.0,False,False,False,False,False,False,800,341,47.32,131.28,106.59,24.7,18.81,89.04,11690.01,2199.15,12,90,3.74,4,0,1,-0.9680771188662041,-0.2506525322587213,1.0,6.123233995736766e-17,-0.433883739117558,-0.9009688679024191,529.0,35.31,387.0,23.12,152.0,8.27,387.0,428.0,94.77868958790286,408.0,82.66599462092432,379.42857142857144,124.8394133312037,529.0,317.0,0,0,0,0,0.0,0.0,11,367.85714285714283,69.70270367033623,0,0,1392,464.0,24.49712643678161,2024-12,457.95238095238096,0,0,1,400.19463087248323,-59.19463087248323,-14.791460530949706,432.13492063492066,-91.13492063492066,-1.4976510067114113
2024-03-22,2024,3,22,Friday,12,Dinner,Noodles,4.2,Sunny,25.0,False,False,False,False,False,False,800,472,55.58,181.72,152.68,29.04,15.98,110.54,20086.49,3210.11,11,49,4.38,4,0,1,-0.9680771188662041,-0.2506525322587213,1.0,6.123233995736766e-17,-0.433883739117558,-0.9009688679024191,486.0,29.47,466.0,39.22,156.0,9.59,466.0,487.3333333333333,16.041612554020013,437.7142857142857,89.68967663693569,398.85714285714283,132.75417255088573,504.0,257.0,0,0,0,0,0.0,0.0,11,427.35714285714283,84.50424189917749,0,0,1392,464.0,33.90804597701149,2024-12,457.95238095238096,0,0,1,410.0973154362416,61.902684563758385,15.094632964838922,432.13492063492066,39.86507936507934,-1.4976510067114113
2024-03-22,2024,3,22,Friday,12,Lunch,Chole-Bhature,4.5,Sunny,25.0,False,False,False,False,False,False,800,579,66.3,222.91,183.58,39.34,17.65,126.76,28257.46,4986.87,10,49,4.38,4,0,1,-0.9680771188662041,-0.2506525322587213,1.0,6.123233995736766e-17,-0.433883739117558,-0.9009688679024191,592.0,31.4,564.0,31.82,236.0,13.32,564.0,570.3333333333334,27.06165799306114,537.0,71.84242015225645,498.0,150.49150244346794,643.0,451.0,0,0,0,0,0.0,0.0,11,501.1904761904762,97.64825828507733,1,0,1392,464.0,41.5948275862069,2024-12,457.95238095238096,0,0,1,506.33557046979865,72.66442953020135,14.351041832352474,432.13492063492066,146.86507936507934,-1.4976510067114113
2024-03-23,2024,3,23,Saturday,12,Breakfast,Bread-Omelette,3.9,Sunny,29.9,False,False,True,False,False,False,800,348,41.58,133.98,110.51,23.47,17.51,129.66,17372.51,3042.72,11,63,3.83,5,0,0,-0.9987165071710528,-0.05064916883871355,1.0,6.123233995736766e-17,-0.9749279121818236,-0.2225209339563146,341.0,24.7,317.0,22.48,133.0,9.71,317.0,406.0,106.57860948614429,412.42857142857144,77.65706051363952,394.7857142857143,103.61257613854575,529.0,327.0,0,0,0,0,3.9,0.0,11,320.9761904761905,53.05978592771122,0,0,1109,369.6666666666667,31.379621280432822,2024-12,457.95238095238096,1,1,0,400.19463087248323,-52.19463087248323,-13.042311626892959,361.4761904761905,-13.476190476190482,3.4023489932885873
2024-03-23,2024,3,23,Saturday,12,Dinner,Roti-Paneer,4.0,Sunny,29.9,False,False,True,False,False,False,800,336,45.38,129.36,110.78,18.58,14.37,86.17,11146.83,1601.32,8,60,4.05,5,0,0,-0.9987165071710528,-0.05064916883871355,1.0,6.123233995736766e-17,-0.9749279121818236,-0.2225209339563146,472.0,29.04,380.0,20.53,150.0,8.13,380.0,431.3333333333333,82.85730706059238,431.42857142857144,95.74594359180816,412.14285714285717,113.90202074445533,504.0,257.0,0,0,0,0,4.0,0.0,23,468.32941176470587,145.08555671570826,0,0,1109,369.6666666666667,30.297565374211,2024-12,457.95238095238096,1,1,0,410.0973154362416,-74.09731543624162,-18.068227380962124,361.4761904761905,-25.47619047619048,3.4023489932885873
2024-03-23,2024,3,23,Saturday,12,Lunch,Fried Rice,4.2,Sunny,29.9,False,False,True,False,False,False,800,425,53.3,163.62,126.75,36.88,22.54,102.73,16809.81,3788.54,12,74,4.36,5,0,0,-0.9987165071710528,-0.05064916883871355,1.0,6.123233995736766e-17,-0.9749279121818236,-0.2225209339563146,579.0,39.34,451.0,27.71,156.0,8.45,451.0,532.0,92.89241088485142,533.2857142857143,77.48056591970727,517.2142857142857,116.8879664606101,643.0,425.0,0,0,0,0,4.2,0.0,11,414.14285714285717,69.65159687857265,0,0,1109,369.6666666666667,38.322813345356174,2024-12,457.95238095238096,1,1,0,506.33557046979865,-81.33557046979865,-16.063570330311226,361.4761904761905,63.52380952380952,3.4023489932885873
2024-03-24,2024,3,24,Sunday,12,Breakfast,Puri-Bhaji,4.3,Sunny,28.2,False,False,True,False,False,False,800,306,40.6,117.81,91.88,25.93,22.01,140.94,16603.75,3654.87,10,59,4.21,6,0,0,-0.9884683243281114,0.15142777750457667,1.0,6.123233995736766e-17,-0.7818314824680299,0.6234898018587334,348.0,23.47,327.0,20.03,135.0,8.77,327.0,331.6666666666667,22.50185177565084,409.42857142857144,81.80231688417554,407.0,77.39409637592625,529.0,306.0,0,0,0,0,4.3,0.0,11,316.2857142857143,54.82089939478339,1,0,1025,341.6666666666667,29.853658536585364,2024-12,457.95238095238096,1,1,0,400.19463087248323,-94.19463087248323,-23.53720505123346,334.6984126984127,-28.69841269841271,1.702348993288588
2024-03-24,2024,3,24,Sunday,12,Dinner,Khichdi,3.0,Sunny,28.2,False,False,True,False,False,False,800,266,33.75,102.41,87.57,14.84,14.49,104.46,10697.37,1550.22,9,60,3.2,6,0,0,-0.9884683243281114,0.15142777750457667,1.0,6.123233995736766e-17,-0.7818314824680299,0.6234898018587334,336.0,18.58,257.0,20.47,114.0,7.42,257.0,358.0,104.74731500138778,432.7142857142857,93.03532355278516,423.0,87.47571091451614,504.0,266.0,0,0,0,0,3.0,0.0,11,265.14285714285717,46.54165269454953,0,1,1025,341.6666666666667,25.951219512195124,2024-12,457.95238095238096,1,1,0,410.0973154362416,-144.09731543624162,-35.137346676595016,334.6984126984127,-68.69841269841271,1.702348993288588
2024-03-24,2024,3,24,Sunday,12,Lunch,Rice-Chicken,4.7,Sunny,28.2,False,False,True,False,False,False,800,453,52.7,174.41,137.43,36.97,21.2,115.73,20184.56,4278.88,8,78,4.57,6,0,0,-0.9884683243281114,0.15142777750457667,1.0,6.123233995736766e-17,-0.7818314824680299,0.6234898018587334,425.0,36.88,464.0,34.89,186.0,10.1,464.0,485.6666666666667,82.03251387915269,531.7142857142857,79.21219242371365,536.2857142857143,71.76074411267214,643.0,425.0,0,0,0,0,4.7,0.0,11,422.6666666666667,73.28350117670038,1,0,1025,341.6666666666667,44.19512195121951,2024-12,457.95238095238096,1,1,0,506.33557046979865,-53.335570469798654,-10.53364084619055,334.6984126984127,118.30158730158729,1.702348993288588
2024-03-25,2024,3,25,Monday,13,Breakfast,Idli-Sambar,3.9,Sunny,25.5,False,False,False,False,False,False,800,441,56.7,169.78,133.88,35.91,21.15,90.7,15399.65,3257.03,8,56,4.21,0,1,0,-0.9377521321470804,0.3473052528448203,1.0,6.123233995736766e-17,0.0,1.0,306.0,25.93,445.0,35.42,476.0,32.24,445.0,365.0,69.08690179766374,408.85714285714283,81.52592342608708,404.5,75.536796942336,529.0,306.0,0,0,0,0,0.0,0.0,12,457.4418604651163,63.9487526687177,0,0,1368,456.0,32.23684210526316,2024-13,463.42857142857144,0,0,1,400.19463087248323,40.80536912751677,10.196380955575304,459.8062015503876,-18.806201550387584,-0.9976510067114113
2024-03-25,2024,3,25,Monday,13,Dinner,Roti-Dal,3.3,Sunny,25.5,False,False,False,False,False,False,800,412,54.0,158.62,135.9,22.72,14.33,119.51,18957.38,2715.81,12,65,3.75,0,1,0,-0.9377521321470804,0.3473052528448203,1.0,6.123233995736766e-17,0.0,1.0,266.0,14.84,469.0,29.5,389.0,22.35,469.0,338.0,73.02054505411444,424.57142857142856,91.81658735917878,424.64285714285717,87.00274720937276,504.0,266.0,0,0,0,0,0.0,0.0,12,427.6744186046512,62.5028460038621,0,0,1368,456.0,30.116959064327485,2024-13,463.42857142857144,0,0,1,410.0973154362416,1.9026845637583847,0.4639592828678728,459.8062015503876,-47.806201550387584,-0.9976510067114113
2024-03-25,2024,3,25,Monday,13,Lunch,Rice-Dal-Sabzi,3.4,Sunny,25.5,False,False,False,False,False,False,800,515,62.47,198.28,164.53,33.74,17.02,112.48,22301.32,3795.38,12,82,3.63,0,1,0,-0.9377521321470804,0.3473052528448203,1.0,6.123233995736766e-17,0.0,1.0,453.0,36.97,490.0,31.85,562.0,33.18,490.0,464.3333333333333,46.057934531776105,535.2857142857143,77.56441255652044,532.9285714285714,71.56434897318677,643.0,425.0,0,0,0,0,0.0,0.0,12,494.30232558139534,69.65374733833367,0,0,1368,456.0,37.646198830409354,2024-13,463.42857142857144,0,0,1,506.33557046979865,8.664429530201346,1.7112030115052232,459.8062015503876,55.193798449612416,-0.9976510067114113
2024-03-26,2024,3,26,Tuesday,13,Breakfast,Poha,3.7,Cloudy,25.5,False,False,False,False,False,False,800,462,56.78,177.87,139.89,37.98,21.35,84.78,15079.83,3220.29,11,85,3.78,1,0,0,-0.8486442574947509,0.5289640103269624,1.0,6.123233995736766e-17,0.7818314824680298,0.6234898018587336,441.0,35.91,483.0,32.69,383.0,24.65,483.0,403.0,84.65813605318772,405.85714285714283,78.67957924694446,410.14285714285717,76.74819681455534,529.0,306.0,0,0,0,0,0.0,0.0,12,435.7906976744186,71.04142257113264,0,0,1531,510.3333333333333,30.176355323318095,2024-13,463.42857142857144,0,0,1,400.19463087248323,61.80536912751677,15.443827667745557,506.13953488372096,-44.139534883720955,-0.9976510067114113
2024-03-26,2024,3,26,Tuesday,13,Dinner,Rice-Rajma,3.8,Cloudy,25.5,False,False,False,False,False,False,800,475,62.01,182.88,148.83,34.05,18.62,83.98,15358.26,2859.55,10,49,4.0,1,0,0,-0.8486442574947509,0.5289640103269624,1.0,6.123233995736766e-17,0.7818314824680298,0.6234898018587336,412.0,22.72,496.0,40.67,519.0,31.94,496.0,384.3333333333333,107.21162872250981,421.57142857142856,89.4051772230541,421.5,84.0775740702505,504.0,266.0,0,0,0,0,0.0,0.0,12,498.04651162790697,86.12475820364762,0,0,1531,510.3333333333333,31.025473546701505,2024-13,463.42857142857144,0,0,1,410.0973154362416,64.90268456375838,15.826166648937475,506.13953488372096,-31.139534883720955,-0.9976510067114113
2024-03-26,2024,3,26,Tuesday,13,Lunch,Roti-Paneer,4.0,Cloudy,25.5,False,False,False,False,False,False,800,594,72.93,228.69,182.43,46.26,20.23,83.93,19194.42,3883.08,12,49,3.99,1,0,0,-0.8486442574947509,0.5289640103269624,1.0,6.123233995736766e-17,0.7818314824680298,0.6234898018587336,515.0,33.74,643.0,54.2,575.0,45.52,643.0,520.6666666666666,70.67059737495775,528.2857142857143,67.82259772306551,534.2857142857143,72.59627938276033,594.0,425.0,0,0,0,0,0.0,0.0,24,468.32941176470587,145.08555671570826,0,0,1531,510.3333333333333,38.79817112998041,2024-13,463.42857142857144,0,0,1,506.33557046979865,87.66442953020135,17.31350405598855,506.13953488372096,87.86046511627904,-0.9976510067114113
2024-03-27,2024,3,27,Wednesday,13,Breakfast,Upma,3.5,Rainy,26.6,False,False,False,False,False,False,800,476,58.52,183.26,143.11,40.15,21.91,121.59,22281.77,4881.13,11,74,3.76,2,0,0,-0.72479278722912,0.6889669190756865,1.0,6.123233995736766e-17,0.9749279121818236,-0.22252093395631434,462.0,37.98,414.0,33.97,403.0,26.89,414.0,459.6666666666667,17.61628034896661,414.7142857142857,83.11380608481835,415.35714285714283,78.68105738491828,529.0,306.0,0,0,0,0,0.0,26.6,12,402.1162790697674,78.48482088680939,0,1,1484,494.6666666666667,32.075471698113205,2024-13,463.42857142857144,0,0,1,400.19463087248323,75.80536912751677,18.942125475859058,470.6046511627907,5.395348837209326,0.10234899328859015
2024-03-27,2024,3,27,Wednesday,13,Dinner,Paratha-Paneer,4.1,Rainy,26.6,False,False,False,False,False,False,800,497,70.22,191.34,157.8,33.54,17.53,93.18,17828.91,3125.48,12,75,4.15,2,0,0,-0.72479278722912,0.6889669190756865,1.0,6.123233995736766e-17,0.9749279121818236,-0.22252093395631434,475.0,34.05,504.0,40.3,489.0,26.29,504.0,461.3333333333333,44.11726797222709,420.57142857142856,88.36261868546212,422.07142857142856,84.59720334140373,497.0,266.0,0,0,0,0,0.0,26.6,12,493.16279069767444,94.51730258140397,0,0,1484,494.6666666666667,33.490566037735846,2024-13,463.42857142857144,0,0,1,410.0973154362416,86.90268456375838,21.190746998993525,470.6046511627907,26.395348837209326,0.10234899328859015
2024-03-27,2024,3,27,Wednesday,13,Lunch,Rice-Sambar,3.6,Rainy,26.6,False,False,False,False,False,False,800,511,72.48,196.74,169.09,27.65,14.05,131.72,25914.81,3641.66,8,73,3.98,2,0,0,-0.72479278722912,0.6889669190756865,1.0,6.123233995736766e-17,0.9749279121818236,-0.22252093395631434,594.0,46.26,540.0,38.88,518.0,31.13,540.0,540.0,46.80811895387438,524.1428571428571,67.87348174220571,533.7857142857143,72.74103547350873,594.0,425.0,0,0,0,0,0.0,26.6,12,516.5348837209302,108.15494811506254,0,0,1484,494.6666666666667,34.43396226415094,2024-13,463.42857142857144,0,0,1,506.33557046979865,4.664429530201346,0.92121308520227,470.6046511627907,40.395348837209326,0.10234899328859015
2024-03-28,2024,3,28,Thursday,13,Breakfast,Dosa,4.6,Rainy,25.8,False,False,False,False,False,False,800,546,69.52,210.21,171.04,39.17,18.63,136.77,28749.93,5356.57,10,90,4.31,3,0,0,-0.5712682150947924,0.8207634412072763,1.0,6.123233995736766e-17,0.43388373911755823,-0.900968867902419,476.0,40.15,529.0,35.31,539.0,33.72,529.0,494.6666666666667,45.00370355130116,417.14285714285717,87.15967831405501,415.85714285714283,79.54472098991012,546.0,306.0,0,0,0,0,0.0,25.8,12,496.3488372093023,101.6197121205963,1,0,1773,591.0,30.79526226734349,2024-13,463.42857142857144,0,0,1,400.19463087248323,145.80536912751677,36.433614516426566,502.8914728682171,43.10852713178292,-0.6976510067114106
2024-03-28,2024,3,28,Thursday,13,Dinner,Rice-Curd-Pickle,3.2,Rainy,25.8,False,False,False,False,False,False,800,513,57.39,197.5,163.57,33.94,17.18,105.47,20831.42,3579.58,10,69,3.47,3,0,0,-0.5712682150947924,0.8207634412072763,1.0,6.123233995736766e-17,0.43388373911755823,-0.900968867902419,497.0,33.54,486.0,29.47,393.0,29.15,486.0,495.0,19.0787840283379,424.42857142857144,92.20060943915922,430.64285714285717,87.45601720324873,513.0,266.0,0,0,0,0,0.0,25.8,12,405.6046511627907,82.89641830819832,0,1,1773,591.0,28.934010152284262,2024-13,463.42857142857144,0,0,1,410.0973154362416,102.90268456375838,25.09225998085247,502.8914728682171,10.108527131782921,-0.6976510067114106
2024-03-28,2024,3,28,Thursday,13,Lunch,Biryani,4.8,Rainy,25.8,False,False,False,False,False,False,800,714,87.18,274.89,228.56,46.33,16.85,82.74,22744.38,3833.2,11,73,4.65,3,0,0,-0.5712682150947924,0.8207634412072763,1.0,6.123233995736766e-17,0.43388373911755823,-0.900968867902419,511.0,27.65,592.0,31.4,652.0,55.55,592.0,606.3333333333334,102.06043960973999,541.5714285714286,97.43007260399152,538.2142857142857,81.81327574368419,714.0,425.0,0,0,0,0,0.0,25.8,12,606.7209302325581,110.13462013143287,1,0,1773,591.0,40.27072758037225,2024-13,463.42857142857144,0,0,1,506.33557046979865,207.66442953020135,41.01320184507715,502.8914728682171,211.10852713178292,-0.6976510067114106
2024-03-29,2024,3,29,Friday,13,Breakfast,Paratha-Curry,3.7,Sunny,30.6,False,False,False,False,False,False,800,373,47.32,143.6,118.77,24.83,17.29,135.25,19421.99,3358.44,10,49,3.79,4,0,1,-0.3943558551133187,0.9189578116202306,1.0,6.123233995736766e-17,-0.433883739117558,-0.9009688679024191,546.0,39.17,341.0,24.7,387.0,23.12,341.0,465.0,87.02298546935779,421.7142857142857,83.25205560167744,414.85714285714283,80.02197500384813,546.0,306.0,0,0,0,0,0.0,0.0,12,367.85714285714283,69.70270367033623,0,0,1310,436.6666666666667,28.473282442748094,2024-13,463.42857142857144,0,0,1,400.19463087248323,-27.19463087248323,-6.795351255261704,432.13492063492066,-59.13492063492066,4.10234899328859
2024-03-29,2024,3,29,Friday,13,Dinner,Noodles,4.2,Sunny,30.6,False,False,False,False,False,False,800,408,55.58,157.08,129.99,27.09,17.25,90.53,14219.84,2452.66,8,82,4.29,4,0,1,-0.3943558551133187,0.9189578116202306,1.0,6.123233995736766e-17,-0.433883739117558,-0.9009688679024191,513.0,33.94,472.0,29.04,466.0,39.22,472.0,472.6666666666667,56.57148869645641,415.2857142857143,89.84006954159204,426.5,87.02497431109158,513.0,266.0,0,0,0,0,0.0,0.0,12,427.35714285714283,84.50424189917749,0,0,1310,436.6666666666667,31.14503816793893,2024-13,463.42857142857144,0,0,1,410.0973154362416,-2.0973154362416153,-0.5114189625968639,432.13492063492066,-24.13492063492066,4.10234899328859
2024-03-29,2024,3,29,Friday,13,Lunch,Chole-Bhature,4.5,Sunny,30.6,False,False,False,False,False,False,800,529,66.3,203.66,167.71,35.96,17.65,107.06,21804.27,3849.52,10,87,4.63,4,0,1,-0.3943558551133187,0.9189578116202306,1.0,6.123233995736766e-17,-0.433883739117558,-0.9009688679024191,714.0,46.33,579.0,39.34,564.0,31.82,579.0,584.6666666666666,112.3669583700359,534.4285714285714,96.05182133073995,535.7142857142857,81.49887075331748,714.0,425.0,0,0,0,0,0.0,0.0,12,501.1904761904762,97.64825828507733,1,0,1310,436.6666666666667,40.38167938931297,2024-13,463.42857142857144,0,0,1,506.33557046979865,22.664429530201346,4.4761677535655595,432.13492063492066,96.86507936507934,4.10234899328859
2024-03-30,2024,3,30,Saturday,13,Breakfast,Bread-Omelette,3.9,Rainy,27.9,False,False,True,False,False,False,800,356,45.74,137.06,109.78,27.28,19.91,125.92,17259.12,3435.77,11,53,4.05,5,0,0,-0.20129852008866114,0.9795299412524943,1.0,6.123233995736766e-17,-0.9749279121818236,-0.2225209339563146,373.0,24.83,348.0,23.47,317.0,22.48,348.0,425.0,105.13324878457838,422.85714285714283,82.11867138767053,417.64285714285717,76.97412866357433,546.0,306.0,0,0,1,0,3.9,27.9,12,320.9761904761905,53.05978592771122,0,0,1208,402.6666666666667,29.47019867549669,2024-13,463.42857142857144,1,1,0,400.19463087248323,-44.19463087248323,-11.043284307970955,361.4761904761905,-5.476190476190482,1.4023489932885873
2024-03-30,2024,3,30,Saturday,13,Dinner,Roti-Paneer,4.0,Rainy,27.9,False,False,True,False,False,False,800,372,49.91,143.22,121.26,21.96,15.33,126.91,18175.78,2787.2,12,50,4.14,5,0,0,-0.20129852008866114,0.9795299412524943,1.0,6.123233995736766e-17,-0.9749279121818236,-0.2225209339563146,408.0,27.09,336.0,18.58,380.0,20.53,336.0,431.0,73.2598116295692,420.42857142857144,85.46901415690003,425.92857142857144,87.37933595334968,513.0,266.0,0,0,1,0,4.0,27.9,25,468.32941176470587,145.08555671570826,0,0,1208,402.6666666666667,30.79470198675497,2024-13,463.42857142857144,1,1,0,410.0973154362416,-38.097315436241615,-9.289823171779494,361.4761904761905,10.523809523809518,1.4023489932885873
2024-03-30,2024,3,30,Saturday,13,Lunch,Fried Rice,4.2,Rainy,27.9,False,False,True,False,False,False,800,480,58.62,184.8,158.56,26.24,14.2,101.67,18788.75,2668.0,11,86,4.35,5,0,0,-0.20129852008866114,0.9795299412524943,1.0,6.123233995736766e-17,-0.9749279121818236,-0.2225209339563146,529.0,35.96,425.0,36.88,451.0,27.71,425.0,574.3333333333334,123.41123665749966,542.2857142857143,87.47516654402422,537.7857142857143,79.52472143102,714.0,453.0,0,0,1,0,4.2,27.9,12,414.14285714285717,69.65159687857265,0,0,1208,402.6666666666667,39.735099337748345,2024-13,463.42857142857144,1,1,0,506.33557046979865,-26.335570469798654,-5.201208843645618,361.4761904761905,118.52380952380952,1.4023489932885873
2024-03-31,2024,3,31,Sunday,13,Breakfast,Puri-Bhaji,4.3,Sunny,29.6,False,False,True,False,False,False,800,363,40.6,139.75,112.59,27.17,19.44,105.38,14727.64,2862.75,9,58,4.21,6,0,0,-2.4492935982947064e-16,1.0,1.0,6.123233995736766e-17,-0.7818314824680299,0.6234898018587334,356.0,27.28,306.0,25.93,327.0,20.03,306.0,364.0,8.544003745319761,431.0,70.62105446206085,420.2142857142857,74.26685622850846,546.0,356.0,0,0,0,0,4.3,0.0,12,316.2857142857143,54.82089939478339,1,0,1058,352.6666666666667,34.31001890359168,2024-13,463.42857142857144,1,1,0,400.19463087248323,-37.19463087248323,-9.294135403914206,334.6984126984127,28.30158730158729,3.10234899328859
2024-03-31,2024,3,31,Sunday,13,Dinner,Khichdi,3.0,Sunny,29.6,False,False,True,False,False,False,800,278,33.75,107.03,90.92,16.11,15.05,87.08,9320.16,1402.74,12,78,3.17,6,0,0,-2.4492935982947064e-16,1.0,1.0,6.123233995736766e-17,-0.7818314824680299,0.6234898018587334,372.0,21.96,266.0,14.84,257.0,20.47,266.0,352.6666666666667,67.12177987310301,422.14285714285717,81.90121808501704,427.42857142857144,84.38530156892917,513.0,278.0,0,0,0,0,3.0,0.0,12,265.14285714285717,46.54165269454953,0,1,1058,352.6666666666667,26.27599243856333,2024-13,463.42857142857144,1,1,0,410.0973154362416,-132.09731543624162,-32.211211940200805,334.6984126984127,-56.69841269841271,3.10234899328859
2024-03-31,2024,3,31,Sunday,13,Lunch,Rice-Chicken,4.7,Sunny,29.6,False,False,True,False,False,False,800,417,52.7,160.54,135.24,25.31,15.76,93.44,15001.38,2364.55,9,54,4.37,6,0,0,-2.4492935982947064e-16,1.0,1.0,6.123233995736766e-17,-0.7818314824680299,0.6234898018587334,480.0,26.24,453.0,36.97,464.0,34.89,453.0,475.3333333333333,56.14564393907508,537.1428571428571,94.38472434920918,534.4285714285714,83.75854885021897,714.0,417.0,0,0,0,0,4.7,0.0,12,422.6666666666667,73.28350117670038,1,0,1058,352.6666666666667,39.41398865784499,2024-13,463.42857142857144,1,1,0,506.33557046979865,-89.33557046979865,-17.64355018291713,334.6984126984127,82.30158730158729,3.10234899328859
2024-04-01,2024,4,1,Monday,14,Breakfast,Idli-Sambar,3.9,Sunny,30.1,False,False,False,False,False,False,800,438,56.7,168.63,142.05,26.58,15.76,89.17,15037.32,2370.01,11,54,3.85,0,1,0,0.20129852008866006,0.9795299412524945,0.8660254037844387,-0.4999999999999998,0.0,1.0,363.0,27.17,441.0,35.91,445.0,35.42,441.0,385.6666666666667,45.45693933090279,430.57142857142856,70.55932998278172,419.7142857142857,74.11055003421333,546.0,356.0,0,0,0,0,0.0,0.0,13,457.4418604651163,63.9487526687177,0,0,1377,459.0,31.808278867102395,2024-14,451.95238095238096,0,0,1,400.19463087248323,37.80536912751677,9.446745710979554,459.8062015503876,-21.806201550387584,3.60234899328859
2024-04-01,2024,4,1,Monday,14,Dinner,Roti-Dal,3.3,Sunny,30.1,False,False,False,False,False,False,800,432,54.0,166.32,134.03,32.29,19.42,130.37,21683.3,4209.91,11,84,3.49,0,1,0,0.20129852008866006,0.9795299412524945,0.8660254037844387,-0.4999999999999998,0.0,1.0,278.0,16.11,412.0,22.72,469.0,29.5,412.0,360.6666666666667,77.62302064035704,425.0,81.83723683833253,424.7857142857143,83.55852722809007,513.0,278.0,0,0,0,0,0.0,0.0,13,427.6744186046512,62.5028460038621,0,0,1377,459.0,31.372549019607842,2024-14,451.95238095238096,0,0,1,410.0973154362416,21.902684563758385,5.340850510191556,459.8062015503876,-27.806201550387584,3.60234899328859
2024-04-01,2024,4,1,Monday,14,Lunch,Rice-Dal-Sabzi,3.4,Sunny,30.1,False,False,False,False,False,False,800,507,62.47,195.19,165.58,29.61,15.17,133.98,26151.61,3967.09,9,73,3.45,0,1,0,0.20129852008866006,0.9795299412524945,0.8660254037844387,-0.4999999999999998,0.0,1.0,417.0,25.31,515.0,33.74,490.0,31.85,515.0,468.0,46.184412955022665,536.0,94.745272529381,535.6428571428571,83.18617409425423,714.0,417.0,0,0,0,0,0.0,0.0,13,494.30232558139534,69.65374733833367,0,0,1377,459.0,36.81917211328976,2024-14,451.95238095238096,0,0,1,506.33557046979865,0.6644295302013461,0.13122315889931682,459.8062015503876,47.193798449612416,3.60234899328859
2024-04-02,2024,4,2,Tuesday,14,Breakfast,Poha,3.7,Cloudy,28.3,False,False,False,False,False,False,800,425,56.78,163.62,133.12,30.51,18.65,117.38,19206.43,3581.25,10,75,4.05,1,0,0,0.39435585511331855,0.9189578116202306,0.8660254037844387,-0.4999999999999998,0.7818314824680298,0.6234898018587336,438.0,26.58,462.0,37.98,483.0,32.69,462.0,408.6666666666667,40.07908847932277,425.2857142857143,69.18505206019186,415.57142857142856,71.88849729933193,546.0,356.0,0,0,0,0,0.0,0.0,13,435.7906976744186,71.04142257113264,0,0,1524,508.0,27.887139107611546,2024-14,451.95238095238096,0,0,1,400.19463087248323,24.80536912751677,6.198326317731303,506.13953488372096,-81.13953488372096,1.8023489932885894
2024-04-02,2024,4,2,Tuesday,14,Dinner,Rice-Rajma,3.8,Cloudy,28.3,False,False,False,False,False,False,800,515,62.01,198.28,158.29,39.98,20.17,106.73,21162.1,4267.49,12,71,4.14,1,0,0,0.39435585511331855,0.9189578116202306,0.8660254037844387,-0.4999999999999998,0.7818314824680298,0.6234898018587336,432.0,32.29,475.0,34.05,496.0,40.67,475.0,408.3333333333333,120.2594417637688,430.7142857142857,87.13536267538814,426.14285714285717,84.94691296320319,515.0,278.0,0,0,0,0,0.0,0.0,13,498.04651162790697,86.12475820364762,0,0,1524,508.0,33.79265091863517,2024-14,451.95238095238096,0,0,1,410.0973154362416,104.90268456375838,25.57994910358484,506.13953488372096,8.860465116279045,1.8023489932885894
2024-04-02,2024,4,2,Tuesday,14,Lunch,Roti-Paneer,4.0,Cloudy,28.3,False,False,False,False,False,False,800,584,72.93,224.84,177.71,47.13,20.96,127.48,28662.94,6008.75,12,73,4.06,1,0,0,0.39435585511331855,0.9189578116202306,0.8660254037844387,-0.4999999999999998,0.7818314824680298,0.6234898018587336,507.0,29.61,594.0,46.26,643.0,54.2,594.0,502.6666666666667,83.58428879480515,534.5714285714286,93.7956238191263,531.4285714285714,78.70266761749502,714.0,417.0,0,0,0,0,0.0,0.0,26,468.32941176470587,145.08555671570826,0,0,1524,508.0,38.320209973753286,2024-14,451.95238095238096,0,0,1,506.33557046979865,77.66442953020135,15.338529240231166,506.13953488372096,77.86046511627904,1.8023489932885894
2024-04-03,2024,4,3,Wednesday,14,Breakfast,Upma,3.5,Cloudy,32.4,False,False,False,False,False,False,800,457,53.2,175.94,148.77,27.17,15.44,89.69,15780.14,2436.94,10,48,3.79,2,0,0,0.5712682150947923,0.8207634412072763,0.8660254037844387,-0.4999999999999998,0.9749279121818236,-0.22252093395631434,425.0,30.51,476.0,40.15,414.0,33.97,476.0,440.0,16.093476939432858,422.57142857142856,67.20827613436019,418.64285714285717,72.72985541118501,546.0,356.0,0,0,0,0,0.0,0.0,13,402.1162790697674,78.48482088680939,0,1,1552,517.3333333333334,29.445876288659793,2024-14,451.95238095238096,0,0,1,400.19463087248323,56.80536912751677,14.194435593419307,470.6046511627907,-13.604651162790674,5.902348993288587
2024-04-03,2024,4,3,Wednesday,14,Dinner,Paratha-Paneer,4.1,Cloudy,32.4,False,False,False,False,False,False,800,478,63.84,184.03,156.45,27.58,14.99,99.95,18394.61,2757.24,9,62,4.12,2,0,0,0.5712682150947923,0.8207634412072763,0.8660254037844387,-0.4999999999999998,0.9749279121818236,-0.22252093395631434,515.0,39.98,497.0,33.54,504.0,40.3,497.0,475.0,41.58124577258319,428.0,84.9960783409054,424.2857142857143,83.38366245755317,515.0,278.0,0,0,0,0,0.0,0.0,13,493.16279069767444,94.51730258140397,0,0,1552,517.3333333333334,30.79896907216495,2024-14,451.95238095238096,0,0,1,410.0973154362416,67.90268456375838,16.557700333036028,470.6046511627907,7.395348837209326,5.902348993288587
2024-04-03,2024,4,3,Wednesday,14,Lunch,Rice-Sambar,3.6,Cloudy,32.4,False,False,False,False,False,False,800,617,65.89,237.55,202.43,35.11,14.78,118.82,28224.59,4171.81,8,90,3.95,2,0,0,0.5712682150947923,0.8207634412072763,0.8660254037844387,-0.4999999999999998,0.9749279121818236,-0.22252093395631434,584.0,47.13,511.0,27.65,540.0,38.88,511.0,569.3333333333334,56.44761583391611,549.7142857142857,97.82589003890928,536.9285714285714,81.97041144003342,714.0,417.0,0,0,0,0,0.0,0.0,13,516.5348837209302,108.15494811506254,0,0,1552,517.3333333333334,39.75515463917525,2024-14,451.95238095238096,0,0,1,506.33557046979865,110.66442953020135,21.85594613223053,470.6046511627907,146.39534883720933,5.902348993288587
2024-04-04,2024,4,4,Thursday,14,Breakfast,Dosa,4.6,Sunny,30.6,False,False,False,False,False,False,800,512,63.2,197.12,167.21,29.91,15.17,86.42,17035.1,2584.62,9,73,4.67,3,0,0,0.72479278722912,0.6889669190756866,0.8660254037844387,-0.4999999999999998,0.43388373911755823,-0.900968867902419,457.0,27.17,546.0,39.17,529.0,35.31,546.0,464.6666666666667,44.003787715756886,417.7142857142857,57.29954707707664,417.42857142857144,70.86358974571047,512.0,356.0,0,0,0,0,0.0,0.0,13,496.3488372093023,101.6197121205963,1,0,1647,549.0,31.086824529447483,2024-14,451.95238095238096,0,0,1,400.19463087248323,111.80536912751677,27.937748411008062,502.8914728682171,9.108527131782921,4.10234899328859
2024-04-04,2024,4,4,Thursday,14,Dinner,Rice-Curd-Pickle,3.2,Sunny,30.6,False,False,False,False,False,False,800,390,52.17,150.15,121.3,28.85,19.22,85.71,12869.71,2473.13,9,46,3.43,3,0,0,0.72479278722912,0.6889669190756866,0.8660254037844387,-0.4999999999999998,0.43388373911755823,-0.900968867902419,478.0,27.58,513.0,33.94,486.0,29.47,513.0,461.0,64.21059102671434,410.42857142857144,76.81548702975884,417.42857142857144,81.85137965635248,515.0,278.0,0,0,0,0,0.0,0.0,13,405.6046511627907,82.89641830819832,0,1,1647,549.0,23.67941712204007,2024-14,451.95238095238096,0,0,1,410.0973154362416,-20.097315436241615,-4.900621067188179,502.8914728682171,-112.89147286821708,4.10234899328859
2024-04-04,2024,4,4,Thursday,14,Lunch,Biryani,4.8,Sunny,30.6,False,False,False,False,False,False,800,745,79.25,286.83,245.9,40.93,14.27,109.04,31276.2,4462.62,11,77,4.58,3,0,0,0.72479278722912,0.6889669190756866,0.8660254037844387,-0.4999999999999998,0.43388373911755823,-0.900968867902419,617.0,35.11,714.0,46.33,592.0,31.4,714.0,648.6666666666666,85.04312631443753,554.1428571428571,106.79330280410628,547.8571428571429,98.42518216145956,745.0,417.0,0,0,0,0,0.0,0.0,13,606.7209302325581,110.13462013143287,1,0,1647,549.0,45.233758348512445,2024-14,451.95238095238096,0,0,1,506.33557046979865,238.66442953020135,47.13562377392503,502.8914728682171,242.10852713178292,4.10234899328859
2024-04-05,2024,4,5,Friday,14,Breakfast,Paratha-Curry,3.7,Sunny,25.5,False,False,False,False,False,False,800,359,47.32,138.22,115.78,22.43,16.23,103.47,14301.15,2321.07,9,53,3.66,4,0,1,0.8486442574947509,0.5289640103269624,0.8660254037844387,-0.4999999999999998,-0.433883739117558,-0.9009688679024191,512.0,29.91,373.0,24.83,341.0,24.7,373.0,442.6666666666667,77.50053763254415,415.7142857142857,59.32878527245259,418.7142857142857,69.52080880673691,512.0,356.0,0,0,0,0,0.0,0.0,13,367.85714285714283,69.70270367033623,0,0,1223,407.6666666666667,29.354047424366314,2024-14,451.95238095238096,0,0,1,400.19463087248323,-41.19463087248323,-10.293649063375206,432.13492063492066,-73.13492063492066,-0.9976510067114113
2024-04-05,2024,4,5,Friday,14,Dinner,Noodles,4.2,Sunny,25.5,False,False,False,False,False,False,800,425,55.58,163.62,135.59,28.03,17.13,143.41,23465.47,4020.38,8,61,4.09,4,0,1,0.8486442574947509,0.5289640103269624,0.8660254037844387,-0.4999999999999998,-0.433883739117558,-0.9009688679024191,390.0,28.85,408.0,27.09,472.0,29.04,408.0,431.0,44.30575583375107,412.85714285714283,76.99443393611553,414.07142857142856,80.39179472645614,515.0,278.0,0,0,0,0,0.0,0.0,13,427.35714285714283,84.50424189917749,0,0,1223,407.6666666666667,34.75061324611611,2024-14,451.95238095238096,0,0,1,410.0973154362416,14.902684563758385,3.633938580628267,432.13492063492066,-7.134920634920661,-0.9976510067114113
2024-04-05,2024,4,5,Friday,14,Lunch,Chole-Bhature,4.5,Sunny,25.5,False,False,False,False,False,False,800,439,66.3,169.01,144.7,24.32,14.39,113.07,19110.84,2749.54,9,90,4.41,4,0,1,0.8486442574947509,0.5289640103269624,0.8660254037844387,-0.4999999999999998,-0.433883739117558,-0.9009688679024191,745.0,40.93,529.0,35.96,579.0,39.34,529.0,600.3333333333334,153.6793197972108,541.2857142857143,115.39600554281807,537.8571428571429,102.06246740475788,745.0,417.0,0,0,0,0,0.0,0.0,13,501.1904761904762,97.64825828507733,1,0,1223,407.6666666666667,35.895339329517576,2024-14,451.95238095238096,0,0,1,506.33557046979865,-67.33557046979865,-13.298605588250886,432.13492063492066,6.865079365079339,-0.9976510067114113
2024-04-06,2024,4,6,Saturday,14,Breakfast,Bread-Omelette,3.9,Sunny,25.7,False,False,True,False,False,False,800,335,41.58,128.97,110.69,18.29,14.18,122.62,15815.12,2242.55,11,52,4.13,5,0,0,0.9377521321470804,0.3473052528448203,0.8660254037844387,-0.4999999999999998,-0.9749279121818236,-0.2225209339563146,359.0,22.43,356.0,27.28,348.0,23.47,356.0,402.0,96.01562372864142,412.7142857142857,63.25270556983935,417.7857142857143,70.61616569272837,512.0,335.0,0,0,0,0,3.9,0.0,13,320.9761904761905,53.05978592771122,0,0,1189,396.3333333333333,28.17493692178301,2024-14,451.95238095238096,1,1,0,400.19463087248323,-65.19463087248323,-16.29073102014121,361.4761904761905,-26.47619047619048,-0.797651006711412
2024-04-06,2024,4,6,Saturday,14,Dinner,Roti-Paneer,4.0,Sunny,25.7,False,False,True,False,False,False,800,417,45.38,160.54,133.15,27.4,17.07,84.4,13549.44,2312.26,11,83,4.09,5,0,0,0.9377521321470804,0.3473052528448203,0.8660254037844387,-0.4999999999999998,-0.9749279121818236,-0.2225209339563146,425.0,28.03,372.0,21.96,336.0,18.58,372.0,410.6666666666667,18.339392937971,419.2857142857143,74.8636856464563,419.85714285714283,77.19192578627253,515.0,278.0,0,0,0,0,4.0,0.0,27,468.32941176470587,145.08555671570826,0,0,1189,396.3333333333333,35.07148864592094,2024-14,451.95238095238096,1,1,0,410.0973154362416,6.902684563758385,1.6831820896987937,361.4761904761905,55.52380952380952,-0.797651006711412
2024-04-06,2024,4,6,Saturday,14,Lunch,Fried Rice,4.2,Sunny,25.7,False,False,True,False,False,False,800,437,53.3,168.25,133.64,34.6,20.57,88.53,14894.63,3063.36,9,71,4.28,5,0,0,0.9377521321470804,0.3473052528448203,0.8660254037844387,-0.4999999999999998,-0.9749279121818236,-0.2225209339563146,439.0,24.32,480.0,26.24,425.0,36.88,480.0,540.3333333333334,177.24935354842168,535.1428571428571,120.24479000692516,538.7142857142857,101.0874933841043,745.0,417.0,0,0,0,0,4.2,0.0,13,414.14285714285717,69.65159687857265,0,0,1189,396.3333333333333,36.75357443229605,2024-14,451.95238095238096,1,1,0,506.33557046979865,-69.33557046979865,-13.693600551402362,361.4761904761905,75.52380952380952,-0.797651006711412
2024-04-07,2024,4,7,Sunday,14,Breakfast,Puri-Bhaji,4.3,Cloudy,30.9,False,False,True,False,False,False,800,309,40.6,118.97,98.15,20.82,17.5,130.3,15500.91,2712.59,10,72,4.06,6,0,0,0.9884683243281114,0.1514277775045767,0.8660254037844387,-0.4999999999999998,-0.7818314824680299,0.6234898018587334,335.0,18.29,363.0,27.17,306.0,25.93,363.0,334.3333333333333,25.006665778015442,405.0,72.88575535269807,418.0,70.25448247401953,512.0,309.0,0,0,0,0,4.3,0.0,13,316.2857142857143,54.82089939478339,1,0,979,326.3333333333333,31.562819203268646,2024-14,451.95238095238096,1,1,0,400.19463087248323,-91.19463087248323,-22.787569806637713,334.6984126984127,-25.69841269841271,4.402348993288587
2024-04-07,2024,4,7,Sunday,14,Dinner,Khichdi,3.0,Cloudy,30.9,False,False,True,False,False,False,800,280,33.75,107.8,88.43,19.37,17.97,105.24,11345.12,2038.53,12,79,3.38,6,0,0,0.9884683243281114,0.1514277775045767,0.8660254037844387,-0.4999999999999998,-0.7818314824680299,0.6234898018587334,417.0,27.4,278.0,16.11,266.0,14.84,278.0,374.0,81.50460109711578,419.57142857142856,74.23578908419023,420.85714285714283,75.1079808755953,515.0,280.0,0,0,0,0,3.0,0.0,13,265.14285714285717,46.54165269454953,0,1,979,326.3333333333333,28.600612870275793,2024-14,451.95238095238096,1,1,0,410.0973154362416,-130.09731543624162,-31.723522817468435,334.6984126984127,-54.69841269841271,4.402348993288587
2024-04-07,2024,4,7,Sunday,14,Lunch,Rice-Chicken,4.7,Cloudy,30.9,False,False,True,False,False,False,800,390,52.7,150.15,120.84,29.31,19.52,119.95,18009.96,3515.52,9,87,4.64,6,0,0,0.9884683243281114,0.1514277775045767,0.8660254037844387,-0.4999999999999998,-0.7818314824680299,0.6234898018587334,437.0,34.6,417.0,25.31,453.0,36.97,417.0,422.0,27.73084924772538,531.2857142857143,125.00495228285195,534.2142857142857,106.45633165505264,745.0,390.0,0,0,0,0,4.7,0.0,13,422.6666666666667,73.28350117670038,1,0,979,326.3333333333333,39.836567926455565,2024-14,451.95238095238096,1,1,0,506.33557046979865,-116.33557046979865,-22.975982185462062,334.6984126984127,55.30158730158729,4.402348993288587
2024-04-08,2024,4,8,Monday,15,Breakfast,Idli-Sambar,3.9,Rainy,24.0,False,False,False,False,False,False,800,570,62.37,219.45,180.63,38.82,17.69,107.33,23553.96,4166.58,11,47,4.07,0,1,0,0.9987165071710528,-0.05064916883871264,0.8660254037844387,-0.4999999999999998,0.0,1.0,309.0,20.82,438.0,26.58,441.0,35.91,438.0,404.6666666666667,143.77180993968668,423.85714285714283,96.19499046455704,427.2142857142857,81.12210983016107,570.0,309.0,0,0,0,0,0.0,24.0,14,457.4418604651163,63.9487526687177,0,0,1627,542.3333333333334,35.03380454824831,2024-15,465.3333333333333,0,0,1,400.19463087248323,169.80536912751677,42.43069647319257,459.8062015503876,110.19379844961242,-2.4976510067114113
2024-04-08,2024,4,8,Monday,15,Dinner,Roti-Dal,3.3,Rainy,24.0,False,False,False,False,False,False,800,457,59.4,175.94,141.47,34.47,19.59,131.31,23102.61,4526.43,8,82,3.69,0,1,0,0.9987165071710528,-0.05064916883871264,0.8660254037844387,-0.4999999999999998,0.0,1.0,280.0,19.37,432.0,32.29,412.0,22.72,432.0,384.6666666666667,92.82420661300208,423.14285714285717,75.52356932646602,424.07142857142856,75.66064344844659,515.0,280.0,0,0,0,0,0.0,24.0,14,427.6744186046512,62.5028460038621,0,0,1627,542.3333333333334,28.088506453595574,2024-15,465.3333333333333,0,0,1,410.0973154362416,46.902684563758385,11.436964544346159,459.8062015503876,-2.806201550387584,-2.4976510067114113
2024-04-08,2024,4,8,Monday,15,Lunch,Rice-Dal-Sabzi,3.4,Rainy,24.0,False,False,False,False,False,False,800,600,68.72,231.0,199.1,31.9,13.81,97.76,22581.52,3118.22,8,67,3.78,0,1,0,0.9987165071710528,-0.05064916883871264,0.8660254037844387,-0.4999999999999998,0.0,1.0,390.0,29.31,507.0,29.61,515.0,33.74,507.0,475.6666666666667,110.21040483245396,544.5714285714286,126.92104782482843,540.2857142857143,107.69288853846504,745.0,390.0,0,0,0,0,0.0,24.0,14,494.30232558139534,69.65374733833367,0,0,1627,542.3333333333334,36.87768899815612,2024-15,465.3333333333333,0,0,1,506.33557046979865,93.66442953020135,18.49848894544298,459.8062015503876,140.19379844961242,-2.4976510067114113
2024-04-09,2024,4,9,Tuesday,15,Breakfast,Poha,3.7,Sunny,22.9,False,False,False,False,False,False,800,503,56.78,193.66,150.42,43.23,22.32,118.22,22894.08,5110.93,9,88,3.85,1,0,0,0.9680771188662043,-0.2506525322587204,0.8660254037844387,-0.4999999999999998,0.7818314824680298,0.6234898018587336,570.0,38.82,425.0,30.51,462.0,37.98,425.0,460.6666666666667,135.55195805791004,435.0,100.75878787149718,430.14285714285717,83.18825466546181,570.0,309.0,0,0,0,0,0.0,0.0,14,435.7906976744186,71.04142257113264,0,0,1625,541.6666666666666,30.953846153846154,2024-15,465.3333333333333,0,0,1,400.19463087248323,102.80536912751677,25.688842677220812,506.13953488372096,-3.1395348837209553,-3.5976510067114127
2024-04-09,2024,4,9,Tuesday,15,Dinner,Rice-Rajma,3.8,Sunny,22.9,False,False,False,False,False,False,800,545,62.01,209.83,180.14,29.69,14.15,82.59,17329.21,2451.92,9,47,4.07,1,0,0,0.9680771188662043,-0.2506525322587204,0.8660254037844387,-0.4999999999999998,0.7818314824680298,0.6234898018587336,457.0,34.47,515.0,39.98,475.0,34.05,515.0,427.3333333333333,134.9678974176204,427.42857142857144,82.16417942724418,429.07142857142856,81.3817823932021,545.0,280.0,0,0,0,0,0.0,0.0,14,498.04651162790697,86.12475820364762,0,0,1625,541.6666666666666,33.53846153846154,2024-15,465.3333333333333,0,0,1,410.0973154362416,134.90268456375838,32.89528594457037,506.13953488372096,38.860465116279045,-3.5976510067114127
2024-04-09,2024,4,9,Tuesday,15,Lunch,Roti-Paneer,4.0,Sunny,22.9,False,False,False,False,False,False,800,577,72.93,222.15,185.7,36.44,16.41,124.22,27595.19,4527.14,9,49,4.17,1,0,0,0.9680771188662043,-0.2506525322587204,0.8660254037844387,-0.4999999999999998,0.7818314824680298,0.6234898018587336,600.0,31.9,584.0,47.13,594.0,46.26,584.0,522.3333333333334,115.17956994768379,543.5714285714286,126.58575109763494,539.0714285714286,107.13504367114243,745.0,390.0,0,0,0,0,0.0,0.0,28,468.32941176470587,145.08555671570826,0,0,1625,541.6666666666666,35.50769230769231,2024-15,465.3333333333333,0,0,1,506.33557046979865,70.66442953020135,13.956046869200996,506.13953488372096,70.86046511627904,-3.5976510067114127
2024-04-10,2024,4,10,Wednesday,15,Breakfast,Upma,3.5,Cloudy,23.2,False,False,False,False,False,False,800,404,53.2,155.54,124.65,30.89,19.86,101.71,15819.24,3141.42,11,79,3.71,2,0,0,0.8978045395707416,-0.4403941515576344,0.8660254037844387,-0.4999999999999998,0.9749279121818236,-0.22252093395631434,503.0,43.23,457.0,27.17,476.0,40.15,457.0,492.3333333333333,83.51247411814244,427.42857142857144,100.82138850934564,425.0,82.35663534054434,570.0,309.0,0,0,0,0,0.0,0.0,14,402.1162790697674,78.48482088680939,0,1,1442,480.6666666666667,28.01664355062413,2024-15,465.3333333333333,0,0,1,400.19463087248323,3.8053691275167694,0.9508796055610502,470.6046511627907,-66.60465116279067,-3.297651006711412
2024-04-10,2024,4,10,Wednesday,15,Dinner,Paratha-Paneer,4.1,Cloudy,23.2,False,False,False,False,False,False,800,511,63.84,196.74,152.88,43.86,22.29,125.9,24769.17,5521.71,10,52,4.28,2,0,0,0.8978045395707416,-0.4403941515576344,0.8660254037844387,-0.4999999999999998,0.9749279121818236,-0.22252093395631434,545.0,29.69,478.0,27.58,497.0,33.54,478.0,504.3333333333333,44.37717130837999,432.14285714285717,86.38755421824094,430.07142857142856,82.36080498515172,545.0,280.0,0,0,0,0,0.0,0.0,14,493.16279069767444,94.51730258140397,0,0,1442,480.6666666666667,35.43689320388349,2024-15,465.3333333333333,0,0,1,410.0973154362416,100.90268456375838,24.604570858120102,470.6046511627907,40.395348837209326,-3.297651006711412
2024-04-10,2024,4,10,Wednesday,15,Lunch,Rice-Sambar,3.6,Cloudy,23.2,False,False,False,False,False,False,800,527,65.89,202.9,157.46,45.44,22.39,125.28,25419.3,5692.49,10,67,3.96,2,0,0,0.8978045395707416,-0.4403941515576344,0.8660254037844387,-0.4999999999999998,0.9749279121818236,-0.22252093395631434,577.0,36.44,617.0,35.11,511.0,27.65,617.0,568.0,37.32291521304366,530.7142857142857,122.38561228852882,540.2142857142857,106.89763512634136,745.0,390.0,0,0,0,0,0.0,0.0,14,516.5348837209302,108.15494811506254,0,0,1442,480.6666666666667,36.54646324549237,2024-15,465.3333333333333,0,0,1,506.33557046979865,20.664429530201346,4.081172790414083,470.6046511627907,56.395348837209326,-3.297651006711412
2024-04-11,2024,4,11,Thursday,15,Breakfast,Dosa,4.6,Sunny,26.6,False,False,False,False,False,False,800,530,63.2,204.05,165.1,38.95,19.09,110.78,22604.98,4315.45,11,66,4.71,3,0,0,0.7907757369376989,-0.6121059825476626,0.8660254037844387,-0.4999999999999998,0.43388373911755823,-0.900968867902419,404.0,30.89,512.0,29.91,546.0,39.17,512.0,479.0,66.3400331624885,430.0,103.53099374905419,423.85714285714283,80.64152122235144,570.0,309.0,0,0,0,0,0.0,0.0,14,496.3488372093023,101.6197121205963,1,0,1521,507.0,34.84549638395792,2024-15,465.3333333333333,0,0,1,400.19463087248323,129.80536912751677,32.435559878582566,502.8914728682171,27.10852713178292,0.10234899328859015
2024-04-11,2024,4,11,Thursday,15,Dinner,Rice-Curd-Pickle,3.2,Sunny,26.6,False,False,False,False,False,False,800,412,52.17,158.62,133.05,25.57,16.12,85.52,13565.96,2186.49,12,56,3.54,3,0,0,0.7907757369376989,-0.6121059825476626,0.8660254037844387,-0.4999999999999998,0.43388373911755823,-0.900968867902419,511.0,43.86,390.0,28.85,513.0,33.94,390.0,489.3333333333333,69.0965508063413,435.2857142857143,84.98767417634603,422.85714285714283,78.88829214378161,545.0,280.0,0,0,0,0,0.0,0.0,14,405.6046511627907,82.89641830819832,0,1,1521,507.0,27.087442472057855,2024-15,465.3333333333333,0,0,1,410.0973154362416,1.9026845637583847,0.4639592828678728,502.8914728682171,-90.89147286821708,0.10234899328859015
2024-04-11,2024,4,11,Thursday,15,Lunch,Biryani,4.8,Sunny,26.6,False,False,False,False,False,False,800,579,79.25,222.91,182.31,40.61,18.22,114.83,25596.58,4662.76,12,62,4.77,3,0,0,0.7907757369376989,-0.6121059825476626,0.8660254037844387,-0.4999999999999998,0.43388373911755823,-0.900968867902419,527.0,45.44,745.0,40.93,714.0,46.33,745.0,561.0,29.461839725313244,507.0,84.00992004916242,530.5714285714286,95.49604444946668,600.0,390.0,0,0,0,0,0.0,0.0,14,606.7209302325581,110.13462013143287,1,0,1521,507.0,38.06706114398422,2024-15,465.3333333333333,0,0,1,506.33557046979865,72.66442953020135,14.351041832352474,502.8914728682171,76.10852713178292,0.10234899328859015
2024-04-12,2024,4,12,Friday,15,Breakfast,Paratha-Curry,3.7,Sunny,28.4,False,False,False,False,False,False,800,393,47.32,151.31,118.02,33.29,22.0,126.26,19104.43,4202.85,10,73,3.91,4,0,1,0.6513724827222223,-0.758758122692791,0.8660254037844387,-0.4999999999999998,-0.433883739117558,-0.9009688679024191,530.0,38.95,359.0,22.43,373.0,24.83,359.0,442.3333333333333,76.1205184778283,434.85714285714283,100.39493441973501,425.2857142857143,79.84449171447503,570.0,309.0,0,0,0,0,0.0,0.0,14,367.85714285714283,69.70270367033623,0,0,1357,452.3333333333333,28.96094325718497,2024-15,465.3333333333333,0,0,1,400.19463087248323,-7.194630872483231,-1.7977829579567013,432.13492063492066,-39.13492063492066,1.9023489932885873
2024-04-12,2024,4,12,Friday,15,Dinner,Noodles,4.2,Sunny,28.4,False,False,False,False,False,False,800,404,55.58,155.54,132.49,23.05,14.82,104.68,16281.8,2412.61,11,62,4.28,4,0,1,0.6513724827222223,-0.758758122692791,0.8660254037844387,-0.4999999999999998,-0.433883739117558,-0.9009688679024191,412.0,25.57,425.0,28.03,408.0,27.09,425.0,442.3333333333333,59.60145412096338,432.2857142857143,85.77823011641564,422.57142857142856,78.95345686952757,545.0,280.0,0,0,0,0,0.0,0.0,14,427.35714285714283,84.50424189917749,0,0,1357,452.3333333333333,29.771554900515845,2024-15,465.3333333333333,0,0,1,410.0973154362416,-6.097315436241615,-1.4867972080616005,432.13492063492066,-28.13492063492066,1.9023489932885873
2024-04-12,2024,4,12,Friday,15,Lunch,Chole-Bhature,4.5,Sunny,28.4,False,False,False,False,False,False,800,560,66.3,215.6,174.95,40.65,18.85,128.28,27657.93,5214.49,10,73,4.22,4,0,1,0.6513724827222223,-0.758758122692791,0.8660254037844387,-0.4999999999999998,-0.433883739117558,-0.9009688679024191,579.0,40.61,439.0,24.32,529.0,35.96,439.0,555.3333333333334,26.31222782915538,524.2857142857143,80.04106089109158,532.7857142857143,95.81567125028592,600.0,390.0,0,0,0,0,0.0,0.0,14,501.1904761904762,97.64825828507733,1,0,1357,452.3333333333333,41.26750184229919,2024-15,465.3333333333333,0,0,1,506.33557046979865,53.664429530201346,10.598589682413447,432.13492063492066,127.86507936507934,1.9023489932885873
2024-04-13,2024,4,13,Saturday,15,Breakfast,Bread-Omelette,3.9,Cloudy,23.4,False,False,True,False,False,False,800,365,41.58,140.53,109.32,31.2,22.21,126.98,17844.27,3962.47,11,68,4.01,5,0,0,0.48530196253108104,-0.8743466161445821,0.8660254037844387,-0.4999999999999998,-0.9749279121818236,-0.2225209339563146,393.0,33.29,335.0,18.29,356.0,27.28,335.0,429.3333333333333,88.2968478108556,439.14285714285717,95.96427906853098,425.92857142857144,79.277957248497,570.0,309.0,0,0,0,0,3.9,0.0,14,320.9761904761905,53.05978592771122,0,0,1143,381.0,31.93350831146107,2024-15,465.3333333333333,1,1,0,400.19463087248323,-35.19463087248323,-8.794378574183705,361.4761904761905,3.5238095238095184,-3.0976510067114127
2024-04-13,2024,4,13,Saturday,15,Dinner,Roti-Paneer,4.0,Cloudy,23.4,False,False,True,False,False,False,800,341,45.38,131.28,109.54,21.74,16.56,110.67,14529.59,2406.51,9,49,3.96,5,0,0,0.48530196253108104,-0.8743466161445821,0.8660254037844387,-0.4999999999999998,-0.9749279121818236,-0.2225209339563146,404.0,23.05,417.0,27.4,372.0,21.96,417.0,385.6666666666667,38.88873015840582,421.42857142857144,92.57583763750513,420.35714285714283,80.89176733128052,545.0,280.0,0,0,0,0,4.0,0.0,29,468.32941176470587,145.08555671570826,0,0,1143,381.0,29.833770778652667,2024-15,465.3333333333333,1,1,0,410.0973154362416,-69.09731543624162,-16.8490045741312,361.4761904761905,-20.47619047619048,-3.0976510067114127
2024-04-13,2024,4,13,Saturday,15,Lunch,Fried Rice,4.2,Cloudy,23.4,False,False,True,False,False,False,800,437,53.3,168.25,141.48,26.77,15.91,91.2,15343.79,2441.2,8,54,4.37,5,0,0,0.48530196253108104,-0.8743466161445821,0.8660254037844387,-0.4999999999999998,-0.9749279121818236,-0.2225209339563146,560.0,40.65,437.0,34.6,480.0,26.24,437.0,525.3333333333334,77.08653146518775,524.2857142857143,80.04106089109158,529.7142857142857,98.29502575365701,600.0,390.0,0,0,0,0,4.2,0.0,14,414.14285714285717,69.65159687857265,0,0,1143,381.0,38.23272090988626,2024-15,465.3333333333333,1,1,0,506.33557046979865,-69.33557046979865,-13.693600551402362,361.4761904761905,75.52380952380952,-3.0976510067114127
2024-04-14,2024,4,14,Sunday,15,Breakfast,Puri-Bhaji,4.3,Cloudy,32.7,False,False,True,False,False,False,800,326,40.6,125.51,101.12,24.39,19.43,146.46,18382.53,3572.64,8,83,4.13,6,0,0,0.29936312297335804,-0.9541392564000488,0.8660254037844387,-0.4999999999999998,-0.7818314824680299,0.6234898018587334,365.0,31.2,309.0,20.82,363.0,27.17,309.0,361.3333333333333,33.650160970393294,441.57142857142856,92.26566198186852,423.2857142857143,82.10352617877642,570.0,326.0,0,0,0,0,4.3,0.0,14,316.2857142857143,54.82089939478339,1,0,1057,352.3333333333333,30.842005676442763,2024-15,465.3333333333333,1,1,0,400.19463087248323,-74.19463087248323,-18.53963675392846,334.6984126984127,-8.69841269841271,6.202348993288592
2024-04-14,2024,4,14,Sunday,15,Dinner,Khichdi,3.0,Cloudy,32.7,False,False,True,False,False,False,800,271,33.75,104.34,85.64,18.69,17.91,107.86,11253.82,2016.01,10,60,3.58,6,0,0,0.29936312297335804,-0.9541392564000488,0.8660254037844387,-0.4999999999999998,-0.7818314824680299,0.6234898018587334,341.0,21.74,280.0,19.37,278.0,16.11,280.0,338.6666666666667,66.53069467045496,420.14285714285717,94.90069998236503,419.85714285714283,81.85527297789504,545.0,271.0,0,0,0,0,3.0,0.0,14,265.14285714285717,46.54165269454953,0,1,1057,352.3333333333333,25.63859981078524,2024-15,465.3333333333333,1,1,0,410.0973154362416,-139.09731543624162,-33.918123869764095,334.6984126984127,-63.69841269841271,6.202348993288592
2024-04-14,2024,4,14,Sunday,15,Lunch,Rice-Chicken,4.7,Cloudy,32.7,False,False,True,False,False,False,800,460,52.7,177.1,144.09,33.01,18.64,105.97,18766.85,3497.59,11,49,4.6,6,0,0,0.29936312297335804,-0.9541392564000488,0.8660254037844387,-0.4999999999999998,-0.7818314824680299,0.6234898018587334,437.0,26.77,390.0,29.31,417.0,25.31,390.0,485.6666666666667,65.39367961304353,534.2857142857143,63.033626702245996,532.7857142857143,95.12273737038466,600.0,437.0,0,0,0,0,4.7,0.0,14,422.6666666666667,73.28350117670038,1,0,1057,352.3333333333333,43.519394512771996,2024-15,465.3333333333333,1,1,0,506.33557046979865,-46.335570469798654,-9.151158475160383,334.6984126984127,125.30158730158729,6.202348993288592
2024-04-15,2024,4,15,Monday,16,Breakfast,Idli-Sambar,3.9,Sunny,34.2,False,False,False,False,False,False,800,516,56.7,198.66,156.87,41.79,21.04,116.24,23092.67,4857.76,12,52,3.9,0,1,0,0.10116832198743272,-0.994869323391895,0.8660254037844387,-0.4999999999999998,0.0,1.0,326.0,24.39,570.0,38.82,438.0,26.58,570.0,402.3333333333333,100.35105048445378,433.85714285714283,81.34992024464165,428.85714285714283,85.74457340340484,530.0,326.0,0,0,0,0,0.0,0.0,15,457.4418604651163,63.9487526687177,0,0,1470,490.0,35.10204081632653,2024-16,447.3333333333333,0,0,1,400.19463087248323,115.80536912751677,28.937262070469068,459.8062015503876,56.193798449612416,7.702348993288592
2024-04-15,2024,4,15,Monday,16,Dinner,Roti-Dal,3.3,Sunny,34.2,False,False,False,False,False,False,800,465,54.0,179.03,154.59,24.43,13.65,94.01,16830.58,2297.18,9,49,3.56,0,1,0,0.10116832198743272,-0.994869323391895,0.8660254037844387,-0.4999999999999998,0.0,1.0,271.0,18.69,457.0,34.47,432.0,32.29,457.0,359.0,98.24459272652093,421.2857142857143,95.46502725381389,422.2142857142857,82.70259838856201,545.0,271.0,0,0,0,0,0.0,0.0,15,427.6744186046512,62.5028460038621,0,0,1470,490.0,31.63265306122449,2024-16,447.3333333333333,0,0,1,410.0973154362416,54.902684563758385,13.387721035275632,459.8062015503876,5.193798449612416,7.702348993288592
2024-04-15,2024,4,15,Monday,16,Lunch,Rice-Dal-Sabzi,3.4,Sunny,34.2,False,False,False,False,False,False,800,489,62.47,188.26,149.93,38.33,20.36,111.24,20942.43,4264.09,12,63,3.74,0,1,0,0.10116832198743272,-0.994869323391895,0.8660254037844387,-0.4999999999999998,0.0,1.0,460.0,33.01,600.0,31.9,507.0,29.61,600.0,462.0,26.057628441591778,518.4285714285714,57.46261724767136,531.5,95.61843240392841,579.0,437.0,0,0,0,0,0.0,0.0,15,494.30232558139534,69.65374733833367,0,0,1470,490.0,33.265306122448976,2024-16,447.3333333333333,0,0,1,506.33557046979865,-17.335570469798654,-3.4237315094639724,459.8062015503876,29.193798449612416,7.702348993288592
2024-04-16,2024,4,16,Tuesday,16,Breakfast,Poha,3.7,Cloudy,29.9,False,False,False,False,False,False,800,503,56.78,193.66,157.48,36.18,18.68,86.15,16682.48,3116.42,10,87,3.8,1,0,0,-0.10116832198743204,-0.9948693233918952,0.8660254037844387,-0.4999999999999998,0.7818314824680298,0.6234898018587336,516.0,41.79,503.0,43.23,425.0,30.51,503.0,448.3333333333333,106.14298532325817,433.85714285714283,81.34992024464165,434.42857142857144,87.97964300005768,530.0,326.0,0,0,0,0,0.0,0.0,15,435.7906976744186,71.04142257113264,0,0,1563,521.0,32.18170185540627,2024-16,447.3333333333333,0,0,1,400.19463087248323,102.80536912751677,25.688842677220812,506.13953488372096,-3.1395348837209553,3.4023489932885873
2024-04-16,2024,4,16,Tuesday,16,Dinner,Rice-Rajma,3.8,Cloudy,29.9,False,False,False,False,False,False,800,523,62.01,201.35,172.57,28.79,14.3,124.64,25096.69,3588.09,10,77,3.81,1,0,0,-0.10116832198743204,-0.9948693233918952,0.8660254037844387,-0.4999999999999998,0.7818314824680298,0.6234898018587336,465.0,24.43,545.0,29.69,515.0,39.98,545.0,419.6666666666667,131.9747450587926,418.14285714285717,90.96964433521872,422.7857142857143,83.4175581696624,523.0,271.0,0,0,0,0,0.0,0.0,15,498.04651162790697,86.12475820364762,0,0,1563,521.0,33.46129238643634,2024-16,447.3333333333333,0,0,1,410.0973154362416,112.90268456375838,27.530705594514316,506.13953488372096,16.860465116279045,3.4023489932885873
2024-04-16,2024,4,16,Tuesday,16,Lunch,Roti-Paneer,4.0,Cloudy,29.9,False,False,False,False,False,False,800,537,72.93,206.75,160.98,45.77,22.14,117.95,24385.99,5398.31,10,55,4.17,1,0,0,-0.10116832198743204,-0.9948693233918952,0.8660254037844387,-0.4999999999999998,0.7818314824680298,0.6234898018587336,489.0,38.33,577.0,36.44,584.0,47.13,577.0,495.3333333333333,38.88873015840691,512.7142857142857,52.436355981050234,528.1428571428571,94.45133638575452,579.0,437.0,0,0,0,0,0.0,0.0,30,468.32941176470587,145.08555671570826,0,0,1563,521.0,34.357005758157385,2024-16,447.3333333333333,0,0,1,506.33557046979865,30.664429530201346,6.056147606171466,506.13953488372096,30.860465116279045,3.4023489932885873
2024-04-17,2024,4,17,Wednesday,16,Breakfast,Upma,3.5,Rainy,31.2,False,False,False,False,False,False,800,402,58.52,154.77,130.74,24.03,15.53,96.57,14946.38,2320.68,11,46,3.66,2,0,0,-0.2993631229733582,-0.9541392564000488,0.8660254037844387,-0.4999999999999998,0.9749279121818236,-0.22252093395631434,503.0,36.18,404.0,30.89,457.0,27.17,404.0,473.6666666666667,62.40459384799653,433.57142857142856,81.4756755988298,430.5,88.12207441952337,530.0,326.0,0,0,0,0,0.0,31.2,15,402.1162790697674,78.48482088680939,0,1,1395,465.0,28.817204301075268,2024-16,447.3333333333333,0,0,1,400.19463087248323,1.8053691275167694,0.45112277583054994,470.6046511627907,-68.60465116279067,4.702348993288588
2024-04-17,2024,4,17,Wednesday,16,Dinner,Paratha-Paneer,4.1,Rainy,31.2,False,False,False,False,False,False,800,469,70.22,180.56,140.94,39.62,21.94,101.65,18354.5,4027.62,11,78,4.1,2,0,0,-0.2993631229733582,-0.9541392564000488,0.8660254037844387,-0.4999999999999998,0.9749279121818236,-0.22252093395631434,523.0,28.79,511.0,43.86,478.0,27.58,511.0,485.6666666666667,32.393414968683075,412.14285714285717,85.01456457852498,422.14285714285717,82.99291641956061,523.0,271.0,0,0,0,0,0.0,31.2,15,493.16279069767444,94.51730258140397,0,0,1395,465.0,33.62007168458781,2024-16,447.3333333333333,0,0,1,410.0973154362416,58.902684563758385,14.363099280740368,470.6046511627907,-1.6046511627906739,4.702348993288588
2024-04-17,2024,4,17,Wednesday,16,Lunch,Rice-Sambar,3.6,Rainy,31.2,False,False,False,False,False,False,800,524,72.48,201.74,166.39,35.35,17.52,112.72,22739.81,3985.1,12,53,3.85,2,0,0,-0.2993631229733582,-0.9541392564000488,0.8660254037844387,-0.4999999999999998,0.9749279121818236,-0.22252093395631434,537.0,45.77,527.0,45.44,617.0,35.11,527.0,516.6666666666666,24.826061575154995,512.2857142857143,52.312249316688934,521.5,90.92579392009732,579.0,437.0,0,0,0,0,0.0,31.2,15,516.5348837209302,108.15494811506254,0,0,1395,465.0,37.562724014336915,2024-16,447.3333333333333,0,0,1,506.33557046979865,17.664429530201346,3.4886803456868676,470.6046511627907,53.395348837209326,4.702348993288588
2024-04-18,2024,4,18,Thursday,16,Breakfast,Dosa,4.6,Sunny,27.2,False,False,False,False,False,False,800,533,63.2,205.2,169.29,35.91,17.5,88.77,18216.64,3188.08,10,86,4.3,3,0,0,-0.4853019625310808,-0.8743466161445822,0.8660254037844387,-0.4999999999999998,0.43388373911755823,-0.900968867902419,402.0,24.03,530.0,38.95,512.0,29.91,530.0,479.3333333333333,68.63186820518152,434.0,82.07313811473298,432.0,89.77921637165089,533.0,326.0,0,0,0,0,0.0,0.0,15,496.3488372093023,101.6197121205963,1,0,1662,554.0,32.069795427196155,2024-16,447.3333333333333,0,0,1,400.19463087248323,132.80536912751677,33.18519512317832,502.8914728682171,30.10852713178292,0.702348993288588
2024-04-18,2024,4,18,Thursday,16,Dinner,Rice-Curd-Pickle,3.2,Sunny,27.2,False,False,False,False,False,False,800,419,52.17,161.31,127.32,33.99,21.07,147.64,23816.31,5018.83,11,77,3.7,3,0,0,-0.4853019625310808,-0.8743466161445822,0.8660254037844387,-0.4999999999999998,0.43388373911755823,-0.900968867902419,469.0,39.62,412.0,25.57,390.0,28.85,412.0,470.3333333333333,52.01281893277175,413.14285714285717,85.05376450894376,424.2142857142857,82.4893266489005,523.0,271.0,0,0,0,0,0.0,0.0,15,405.6046511627907,82.89641830819832,0,1,1662,554.0,25.210589651022865,2024-16,447.3333333333333,0,0,1,410.0973154362416,8.902684563758385,2.170871212431162,502.8914728682171,-83.89147286821708,0.702348993288588
2024-04-18,2024,4,18,Thursday,16,Lunch,Biryani,4.8,Sunny,27.2,False,False,False,False,False,False,800,710,79.25,273.35,222.8,50.55,18.49,116.22,31767.43,5874.57,9,80,4.7,3,0,0,-0.4853019625310808,-0.8743466161445822,0.8660254037844387,-0.4999999999999998,0.43388373911755823,-0.900968867902419,524.0,35.35,579.0,40.61,745.0,40.93,579.0,590.3333333333334,103.8380148757351,531.0,90.00740710260094,519.0,84.56676925092071,710.0,437.0,0,0,0,0,0.0,0.0,15,606.7209302325581,110.13462013143287,1,0,1662,554.0,42.71961492178099,2024-16,447.3333333333333,0,0,1,506.33557046979865,203.66442953020135,40.22321191877419,502.8914728682171,207.10852713178292,0.702348993288588
2024-04-19,2024,4,19,Friday,16,Breakfast,Paratha-Curry,3.7,Sunny,32.9,False,False,False,False,False,False,800,336,47.32,129.36,101.42,27.94,21.6,90.71,11734.39,2534.46,9,55,3.79,4,0,1,-0.651372482722222,-0.7587581226927911,0.8660254037844387,-0.4999999999999998,-0.433883739117558,-0.9009688679024191,533.0,35.91,393.0,33.29,359.0,22.43,393.0,423.6666666666667,100.27129865187443,425.85714285714283,89.32604803271491,430.35714285714283,91.41335295732847,533.0,326.0,0,0,0,0,0.0,0.0,15,367.85714285714283,69.70270367033623,0,0,1235,411.6666666666667,27.206477732793523,2024-16,447.3333333333333,0,0,1,400.19463087248323,-64.19463087248323,-16.04085260527596,432.13492063492066,-96.13492063492066,6.402348993288587
2024-04-19,2024,4,19,Friday,16,Dinner,Noodles,4.2,Sunny,32.9,False,False,False,False,False,False,800,442,55.58,170.17,135.37,34.8,20.45,124.45,21178.34,4330.77,12,62,4.05,4,0,1,-0.651372482722222,-0.7587581226927911,0.8660254037844387,-0.4999999999999998,-0.433883739117558,-0.9009688679024191,419.0,33.99,404.0,23.05,425.0,28.03,404.0,443.3333333333333,25.026652459593937,418.57142857142856,85.58398826660888,425.42857142857144,82.62679234477646,523.0,271.0,0,0,0,0,0.0,0.0,15,427.35714285714283,84.50424189917749,0,0,1235,411.6666666666667,35.78947368421053,2024-16,447.3333333333333,0,0,1,410.0973154362416,31.902684563758385,7.779296123853398,432.13492063492066,9.865079365079339,6.402348993288587
2024-04-19,2024,4,19,Friday,16,Lunch,Chole-Bhature,4.5,Sunny,32.9,False,False,False,False,False,False,800,457,66.3,175.94,147.3,28.64,16.28,104.22,18337.27,2985.09,12,63,4.58,4,0,1,-0.651372482722222,-0.7587581226927911,0.8660254037844387,-0.4999999999999998,-0.433883739117558,-0.9009688679024191,710.0,50.55,560.0,40.65,439.0,24.32,560.0,563.6666666666666,131.08139964668283,516.2857142857143,92.85062248169417,520.2857142857143,83.38550747667645,710.0,437.0,0,0,0,0,0.0,0.0,15,501.1904761904762,97.64825828507733,1,0,1235,411.6666666666667,37.00404858299595,2024-16,447.3333333333333,0,0,1,506.33557046979865,-49.335570469798654,-9.743650919887598,432.13492063492066,24.86507936507934,6.402348993288587
2024-04-20,2024,4,20,Saturday,16,Breakfast,Bread-Omelette,3.9,Sunny,29.2,False,False,True,False,False,False,800,331,41.58,127.44,104.65,22.78,17.88,115.18,14677.98,2624.05,9,82,4.2,5,0,0,-0.7907757369376986,-0.6121059825476627,0.8660254037844387,-0.4999999999999998,-0.9749279121818236,-0.2225209339563146,336.0,27.94,365.0,31.2,335.0,18.29,365.0,400.0,115.20850663037021,421.0,93.98936110007361,430.07142857142856,91.73998732682107,533.0,326.0,0,0,0,0,3.9,0.0,15,320.9761904761905,53.05978592771122,0,0,1046,348.6666666666667,31.644359464627154,2024-16,447.3333333333333,1,1,0,400.19463087248323,-69.19463087248323,-17.29024467960221,361.4761904761905,-30.47619047619048,2.702348993288588
2024-04-20,2024,4,20,Saturday,16,Dinner,Roti-Paneer,4.0,Sunny,29.2,False,False,True,False,False,False,800,360,45.38,138.6,114.2,24.4,17.6,137.77,19094.44,3361.28,8,50,3.87,5,0,0,-0.7907757369376986,-0.6121059825476627,0.8660254037844387,-0.4999999999999998,-0.9749279121818236,-0.2225209339563146,442.0,34.8,341.0,21.74,417.0,27.4,341.0,407.0,42.29657196511279,421.2857142857143,82.97532622355129,421.35714285714283,84.45809807040605,523.0,271.0,0,0,0,0,4.0,0.0,31,468.32941176470587,145.08555671570826,0,0,1046,348.6666666666667,34.41682600382409,2024-16,447.3333333333333,1,1,0,410.0973154362416,-50.097315436241615,-12.215957908173705,361.4761904761905,-1.4761904761904816,2.702348993288588
2024-04-20,2024,4,20,Saturday,16,Lunch,Fried Rice,4.2,Sunny,29.2,False,False,True,False,False,False,800,355,53.3,136.67,107.53,29.15,21.33,126.11,17236.26,3675.72,12,66,4.37,5,0,0,-0.7907757369376986,-0.6121059825476627,0.8660254037844387,-0.4999999999999998,-0.9749279121818236,-0.2225209339563146,457.0,28.64,437.0,26.77,437.0,34.6,437.0,507.3333333333333,182.77399523272828,504.57142857142856,108.3925845293504,514.4285714285714,92.10922803991953,710.0,355.0,0,0,0,0,4.2,0.0,15,414.14285714285717,69.65159687857265,0,0,1046,348.6666666666667,33.93881453154876,2024-16,447.3333333333333,1,1,0,506.33557046979865,-151.33557046979865,-29.888394040612905,361.4761904761905,-6.476190476190482,2.702348993288588
2024-04-21,2024,4,21,Sunday,16,Breakfast,Puri-Bhaji,4.3,Cloudy,24.1,False,False,True,False,False,False,800,341,40.6,131.28,108.33,22.95,17.48,125.58,16486.65,2882.51,12,71,4.34,6,0,0,-0.8978045395707417,-0.44039415155763423,0.8660254037844387,-0.4999999999999998,-0.7818314824680299,0.6234898018587334,331.0,22.78,326.0,24.39,309.0,20.82,326.0,336.0,5.000000000004415,423.14285714285717,91.6031814793727,432.35714285714283,88.8443817909956,533.0,331.0,0,0,0,0,4.3,0.0,15,316.2857142857143,54.82089939478339,1,0,1023,341.0,33.33333333333333,2024-16,447.3333333333333,1,1,0,400.19463087248323,-59.19463087248323,-14.791460530949706,334.6984126984127,6.30158730158729,-2.39765100671141
2024-04-21,2024,4,21,Sunday,16,Dinner,Khichdi,3.0,Cloudy,24.1,False,False,True,False,False,False,800,249,33.75,95.86,76.71,19.15,19.98,97.14,9312.47,1860.72,11,64,3.35,6,0,0,-0.8978045395707417,-0.44039415155763423,0.8660254037844387,-0.4999999999999998,-0.7818314824680299,0.6234898018587334,360.0,24.4,271.0,18.69,280.0,19.37,271.0,350.3333333333333,96.86244542304978,418.14285714285717,89.75601850094988,419.14285714285717,88.74670710498513,523.0,249.0,0,0,0,0,3.0,0.0,15,265.14285714285717,46.54165269454953,0,1,1023,341.0,24.34017595307918,2024-16,447.3333333333333,1,1,0,410.0973154362416,-161.09731543624162,-39.28270421982015,334.6984126984127,-85.69841269841271,-2.39765100671141
2024-04-21,2024,4,21,Sunday,16,Lunch,Rice-Chicken,4.7,Cloudy,24.1,False,False,True,False,False,False,800,433,52.7,166.7,129.28,37.43,22.45,142.23,23710.42,5323.45,12,63,4.63,6,0,0,-0.8978045395707417,-0.44039415155763423,0.8660254037844387,-0.4999999999999998,-0.7818314824680299,0.6234898018587334,355.0,29.15,460.0,33.01,390.0,29.31,460.0,415.0,53.329166503893944,500.7142857142857,110.69886221293372,517.5,88.27818791490041,710.0,355.0,0,0,0,0,4.7,0.0,15,422.6666666666667,73.28350117670038,1,0,1023,341.0,42.32649071358749,2024-16,447.3333333333333,1,1,0,506.33557046979865,-73.33557046979865,-14.483590477705317,334.6984126984127,98.30158730158729,-2.39765100671141
2024-04-22,2024,4,22,Monday,17,Breakfast,Idli-Sambar,3.9,Cloudy,26.5,False,False,False,False,False,False,800,414,56.7,159.39,125.46,33.93,21.29,109.09,17388.42,3702.02,11,58,3.93,0,1,0,-0.9680771188662041,-0.2506525322587213,0.8660254037844387,-0.4999999999999998,0.0,1.0,341.0,22.95,516.0,41.79,570.0,38.82,516.0,362.0,45.310043036837314,408.57142857142856,81.97734878785568,421.2142857142857,79.54986686777879,533.0,331.0,0,0,0,0,0.0,0.0,16,457.4418604651163,63.9487526687177,0,0,1375,458.3333333333333,30.10909090909091,2024-17,441.6190476190476,0,0,1,400.19463087248323,13.80536912751677,3.4496637542135513,459.8062015503876,-45.806201550387584,0.00234899328858873
2024-04-22,2024,4,22,Monday,17,Dinner,Roti-Dal,3.3,Cloudy,26.5,False,False,False,False,False,False,800,465,54.0,179.03,140.47,38.56,21.54,105.94,18965.52,4084.89,12,51,3.5,0,1,0,-0.9680771188662041,-0.2506525322587213,0.8660254037844387,-0.4999999999999998,0.0,1.0,249.0,19.15,465.0,24.43,457.0,34.47,465.0,358.0,108.01388799594228,418.14285714285717,89.75601850094988,419.7142857142857,89.03450374513721,523.0,249.0,0,0,0,0,0.0,0.0,16,427.6744186046512,62.5028460038621,0,0,1375,458.3333333333333,33.81818181818182,2024-17,441.6190476190476,0,0,1,410.0973154362416,54.902684563758385,13.387721035275632,459.8062015503876,5.193798449612416,0.00234899328858873
2024-04-22,2024,4,22,Monday,17,Lunch,Rice-Dal-Sabzi,3.4,Cloudy,26.5,False,False,False,False,False,False,800,496,62.47,190.96,150.05,40.91,21.42,140.3,26792.44,5739.26,10,67,3.87,0,1,0,-0.9680771188662041,-0.2506525322587213,0.8660254037844387,-0.4999999999999998,0.0,1.0,433.0,37.43,489.0,38.33,600.0,31.9,489.0,428.0,70.63285354564152,501.7142857142857,110.60698333244945,510.07142857142856,85.12114831291866,710.0,355.0,0,0,0,0,0.0,0.0,16,494.30232558139534,69.65374733833367,0,0,1375,458.3333333333333,36.07272727272727,2024-17,441.6190476190476,0,0,1,506.33557046979865,-10.335570469798654,-2.0412491384338045,459.8062015503876,36.193798449612416,0.00234899328858873
2024-04-23,2024,4,23,Tuesday,17,Breakfast,Poha,3.7,Sunny,25.0,False,False,False,False,False,False,800,472,56.78,181.72,144.84,36.88,20.3,97.35,17691.23,3590.56,8,48,3.77,1,0,0,-0.9987165071710528,-0.05064916883871355,0.8660254037844387,-0.4999999999999998,0.7818314824680298,0.6234898018587336,414.0,33.93,503.0,36.18,503.0,43.23,503.0,409.0,65.64297372910569,404.14285714285717,76.69295615510951,419.0,77.50334980353584,533.0,331.0,0,0,0,0,0.0,0.0,16,435.7906976744186,71.04142257113264,0,0,1494,498.0,31.593038821954483,2024-17,441.6190476190476,0,0,1,400.19463087248323,71.80536912751677,17.942611816398056,506.13953488372096,-34.139534883720955,-1.4976510067114113
2024-04-23,2024,4,23,Tuesday,17,Dinner,Rice-Rajma,3.8,Sunny,25.0,False,False,False,False,False,False,800,464,62.01,178.64,153.2,25.44,14.24,130.48,23308.77,3318.85,9,55,3.93,1,0,0,-0.9987165071710528,-0.05064916883871355,0.8660254037844387,-0.4999999999999998,0.7818314824680298,0.6234898018587336,465.0,38.56,523.0,28.79,545.0,29.69,523.0,392.6666666666667,124.41998767614992,409.7142857142857,80.56822013199809,413.92857142857144,82.67123421742876,469.0,249.0,0,0,0,0,0.0,0.0,16,498.04651162790697,86.12475820364762,0,0,1494,498.0,31.05756358768407,2024-17,441.6190476190476,0,0,1,410.0973154362416,53.902684563758385,13.14387647390945,506.13953488372096,-42.139534883720955,-1.4976510067114113
2024-04-23,2024,4,23,Tuesday,17,Lunch,Roti-Paneer,4.0,Sunny,25.0,False,False,False,False,False,False,800,558,72.93,214.83,173.51,41.32,19.24,123.08,26440.51,5085.83,9,55,4.22,1,0,0,-0.9987165071710528,-0.05064916883871355,0.8660254037844387,-0.4999999999999998,0.7818314824680298,0.6234898018587336,496.0,40.91,537.0,45.77,577.0,36.44,537.0,495.6666666666667,62.500666663111495,504.7142857142857,111.99957482912492,508.7142857142857,84.11752636495112,710.0,355.0,0,0,0,0,0.0,0.0,32,468.32941176470587,145.08555671570826,0,0,1494,498.0,37.34939759036144,2024-17,441.6190476190476,0,0,1,506.33557046979865,51.664429530201346,10.20359471926197,506.13953488372096,51.860465116279045,-1.4976510067114113
2024-04-24,2024,4,24,Wednesday,17,Breakfast,Upma,3.5,Sunny,27.7,False,False,False,False,False,False,800,389,53.2,149.76,122.52,27.25,18.19,101.6,15215.8,2768.22,8,50,3.93,2,0,0,-0.9884683243281114,0.15142777750457667,0.8660254037844387,-0.4999999999999998,0.9749279121818236,-0.22252093395631434,472.0,36.88,402.0,24.03,404.0,30.89,402.0,425.0,42.57933771208827,402.2857142857143,76.91058506628409,417.92857142857144,77.82966043839619,533.0,331.0,0,0,0,0,0.0,0.0,16,402.1162790697674,78.48482088680939,0,1,1353,451.0,28.750923872875095,2024-17,441.6190476190476,0,0,1,400.19463087248323,-11.19463087248323,-2.7972966174177016,470.6046511627907,-81.60465116279067,1.202348993288588
2024-04-24,2024,4,24,Wednesday,17,Dinner,Paratha-Paneer,4.1,Sunny,27.7,False,False,False,False,False,False,800,461,63.84,177.49,137.96,39.52,22.27,114.64,20347.34,4530.91,11,63,4.16,2,0,0,-0.9884683243281114,0.15142777750457667,0.8660254037844387,-0.4999999999999998,0.9749279121818236,-0.22252093395631434,464.0,25.44,469.0,39.62,511.0,43.86,469.0,463.3333333333333,2.0816659994565128,408.57142857142856,79.63846880927409,410.35714285714283,79.16060319945205,465.0,249.0,0,0,0,0,0.0,0.0,16,493.16279069767444,94.51730258140397,0,0,1353,451.0,34.07243163340724,2024-17,441.6190476190476,0,0,1,410.0973154362416,50.902684563758385,12.412342789810896,470.6046511627907,-9.604651162790674,1.202348993288588
2024-04-24,2024,4,24,Wednesday,17,Lunch,Rice-Sambar,3.6,Sunny,27.7,False,False,False,False,False,False,800,503,65.89,193.66,158.54,35.11,18.13,147.67,28596.66,5185.24,9,82,3.73,2,0,0,-0.9884683243281114,0.15142777750457667,0.8660254037844387,-0.4999999999999998,0.9749279121818236,-0.22252093395631434,558.0,41.32,524.0,35.35,527.0,45.44,524.0,519.0,33.955853692699904,501.7142857142857,111.67768247015493,507.0,83.96061347670478,710.0,355.0,0,0,0,0,0.0,0.0,16,516.5348837209302,108.15494811506254,0,0,1353,451.0,37.17664449371767,2024-17,441.6190476190476,0,0,1,506.33557046979865,-3.335570469798654,-0.6587667674036364,470.6046511627907,32.395348837209326,1.202348993288588
2024-04-25,2024,4,25,Thursday,17,Breakfast,Dosa,4.6,Cloudy,33.9,False,False,False,False,False,False,800,506,63.2,194.81,158.17,36.64,18.81,141.77,27618.58,5194.99,10,70,4.43,3,0,0,-0.9377521321470804,0.3473052528448203,0.8660254037844387,-0.4999999999999998,0.43388373911755823,-0.900968867902419,389.0,27.25,533.0,35.91,530.0,38.95,533.0,455.6666666666667,60.18582335844051,398.42857142857144,69.59132403505774,416.2142857142857,75.39759083217919,506.0,331.0,0,0,0,0,0.0,0.0,16,496.3488372093023,101.6197121205963,1,0,1528,509.3333333333333,33.1151832460733,2024-17,441.6190476190476,0,0,1,400.19463087248323,105.80536912751677,26.43847792181656,502.8914728682171,3.108527131782921,7.402348993288587
2024-04-25,2024,4,25,Thursday,17,Dinner,Rice-Curd-Pickle,3.2,Cloudy,33.9,False,False,False,False,False,False,800,424,52.17,163.24,127.23,36.01,22.06,115.3,18821.23,4151.74,12,62,3.66,3,0,0,-0.9377521321470804,0.3473052528448203,0.8660254037844387,-0.4999999999999998,0.43388373911755823,-0.900968867902419,461.0,39.52,419.0,33.99,412.0,25.57,419.0,449.6666666666667,22.278539748675037,409.2857142857143,79.76990720339407,411.2142857142857,79.24468297759654,465.0,249.0,0,0,0,0,0.0,0.0,16,405.6046511627907,82.89641830819832,0,1,1528,509.3333333333333,27.748691099476442,2024-17,441.6190476190476,0,0,1,410.0973154362416,13.902684563758385,3.3900940192620825,502.8914728682171,-78.89147286821708,7.402348993288587
2024-04-25,2024,4,25,Thursday,17,Lunch,Biryani,4.8,Cloudy,33.9,False,False,False,False,False,False,800,598,79.25,230.23,186.29,43.94,19.09,119.92,27609.12,5269.37,9,68,4.66,3,0,0,-0.9377521321470804,0.3473052528448203,0.8660254037844387,-0.4999999999999998,0.43388373911755823,-0.900968867902419,503.0,35.11,710.0,50.55,579.0,40.61,710.0,553.0,47.69696007084772,485.7142857142857,80.54753107268243,508.35714285714283,85.35591290667492,598.0,355.0,0,0,0,0,0.0,0.0,16,606.7209302325581,110.13462013143287,1,0,1528,509.3333333333333,39.13612565445026,2024-17,441.6190476190476,0,0,1,506.33557046979865,91.66442953020135,18.103493982291504,502.8914728682171,95.10852713178292,7.402348993288587
2024-04-26,2024,4,26,Friday,17,Breakfast,Paratha-Curry,3.7,Cloudy,27.7,False,False,False,False,False,False,800,371,47.32,142.84,118.31,24.53,17.17,89.01,12713.23,2183.16,8,70,3.81,4,0,1,-0.8486442574947509,0.5289640103269624,0.8660254037844387,-0.4999999999999998,-0.433883739117558,-0.9009688679024191,506.0,36.64,336.0,27.94,393.0,33.29,336.0,422.0,73.30075033722413,403.42857142857144,65.49518339251424,414.64285714285717,76.14420240858504,506.0,331.0,0,0,0,0,0.0,0.0,16,367.85714285714283,69.70270367033623,0,0,1397,465.6666666666667,26.556907659269864,2024-17,441.6190476190476,0,0,1,400.19463087248323,-29.19463087248323,-7.295108084992203,432.13492063492066,-61.13492063492066,1.202348993288588
2024-04-26,2024,4,26,Friday,17,Dinner,Noodles,4.2,Cloudy,27.7,False,False,False,False,False,False,800,470,55.58,180.95,148.2,32.75,18.1,115.01,20810.24,3766.42,8,47,4.05,4,0,1,-0.8486442574947509,0.5289640103269624,0.8660254037844387,-0.4999999999999998,-0.433883739117558,-0.9009688679024191,424.0,36.01,442.0,34.8,404.0,23.05,442.0,451.6666666666667,24.378952670967912,413.2857142857143,82.34422522904343,415.92857142857144,80.73171551571221,470.0,249.0,0,0,0,0,0.0,0.0,16,427.35714285714283,84.50424189917749,0,0,1397,465.6666666666667,33.64352183249821,2024-17,441.6190476190476,0,0,1,410.0973154362416,59.902684563758385,14.606943842106554,432.13492063492066,37.86507936507934,1.202348993288588
2024-04-26,2024,4,26,Friday,17,Lunch,Chole-Bhature,4.5,Cloudy,27.7,False,False,False,False,False,False,800,556,66.3,214.06,184.61,29.45,13.76,119.05,25483.46,3505.63,10,54,4.29,4,0,1,-0.8486442574947509,0.5289640103269624,0.8660254037844387,-0.4999999999999998,-0.433883739117558,-0.9009688679024191,598.0,43.94,457.0,28.64,560.0,40.65,457.0,552.3333333333334,47.60602202803102,499.85714285714283,83.30952040719102,508.07142857142856,85.17625552637607,598.0,355.0,0,0,0,0,0.0,0.0,16,501.1904761904762,97.64825828507733,1,0,1397,465.6666666666667,39.79957050823192,2024-17,441.6190476190476,0,0,1,506.33557046979865,49.664429530201346,9.808599756110494,432.13492063492066,123.86507936507934,1.202348993288588
2024-04-27,2024,4,27,Saturday,17,Breakfast,Bread-Omelette,3.9,Sunny,26.4,False,False,True,False,False,False,800,316,41.58,121.66,99.25,22.41,18.42,111.99,13624.61,2509.72,12,77,3.84,5,0,0,-0.72479278722912,0.6889669190756865,0.8660254037844387,-0.4999999999999998,-0.9749279121818236,-0.2225209339563146,371.0,24.53,331.0,22.78,365.0,31.2,331.0,397.6666666666667,97.76672917375005,401.2857142857143,68.43905874502356,411.14285714285717,79.64716146649756,506.0,316.0,0,0,0,0,3.9,0.0,16,320.9761904761905,53.05978592771122,0,0,1028,342.6666666666667,30.739299610894943,2024-17,441.6190476190476,1,1,0,400.19463087248323,-84.19463087248323,-21.038420902580963,361.4761904761905,-45.47619047619048,-0.09765100671141269
2024-04-27,2024,4,27,Saturday,17,Dinner,Roti-Paneer,4.0,Sunny,26.4,False,False,True,False,False,False,800,296,45.38,113.96,91.16,22.8,20.01,103.55,11800.12,2360.85,12,79,4.07,5,0,0,-0.72479278722912,0.6889669190756865,0.8660254037844387,-0.4999999999999998,-0.9749279121818236,-0.2225209339563146,470.0,32.75,360.0,24.4,341.0,21.74,360.0,396.6666666666667,90.16281569102252,404.14285714285717,92.20887262338803,412.7142857142857,84.74071637052054,470.0,249.0,0,0,0,0,4.0,0.0,33,468.32941176470587,145.08555671570826,0,0,1028,342.6666666666667,28.793774319066145,2024-17,441.6190476190476,1,1,0,410.0973154362416,-114.09731543624162,-27.82200983560949,361.4761904761905,-65.47619047619048,-0.09765100671141269
2024-04-27,2024,4,27,Saturday,17,Lunch,Fried Rice,4.2,Sunny,26.4,False,False,True,False,False,False,800,416,53.3,160.16,137.32,22.84,14.26,102.3,16383.9,2336.39,11,84,4.32,5,0,0,-0.72479278722912,0.6889669190756865,0.8660254037844387,-0.4999999999999998,-0.9749279121818236,-0.2225209339563146,556.0,29.45,355.0,29.15,437.0,26.77,355.0,523.3333333333334,95.29602999775686,508.57142857142856,67.28015344526972,506.57142857142856,86.695500979635,598.0,416.0,0,0,0,0,4.2,0.0,16,414.14285714285717,69.65159687857265,0,0,1028,342.6666666666667,40.46692607003891,2024-17,441.6190476190476,1,1,0,506.33557046979865,-90.33557046979865,-17.84104766449287,361.4761904761905,54.52380952380952,-0.09765100671141269
2024-04-28,2024,4,28,Sunday,17,Breakfast,Puri-Bhaji,4.3,Sunny,23.5,False,False,True,False,False,False,800,359,40.6,138.22,112.77,25.45,18.41,81.16,11218.16,2065.27,10,88,4.11,6,0,0,-0.5712682150947924,0.8207634412072763,0.8660254037844387,-0.4999999999999998,-0.7818314824680299,0.6234898018587334,316.0,22.41,341.0,22.95,326.0,24.39,341.0,348.6666666666667,28.91942830232607,403.85714285714283,66.09444901409056,413.5,77.38987212608839,506.0,316.0,0,0,0,0,4.3,0.0,16,316.2857142857143,54.82089939478339,1,0,1099,366.3333333333333,32.666060054595086,2024-17,441.6190476190476,1,1,0,400.19463087248323,-41.19463087248323,-10.293649063375206,334.6984126984127,24.30158730158729,-2.9976510067114113
2024-04-28,2024,4,28,Sunday,17,Dinner,Khichdi,3.0,Sunny,23.5,False,False,True,False,False,False,800,264,33.75,101.64,87.48,14.16,13.94,134.8,13701.41,1909.39,12,81,3.25,6,0,0,-0.5712682150947924,0.8207634412072763,0.8660254037844387,-0.4999999999999998,-0.7818314824680299,0.6234898018587334,296.0,22.8,249.0,19.15,271.0,18.69,249.0,343.3333333333333,110.85726558657892,406.2857142857143,88.08464543781038,412.2142857142857,85.65689928782383,470.0,264.0,0,0,0,0,3.0,0.0,16,265.14285714285717,46.54165269454953,0,1,1099,366.3333333333333,24.021838034576888,2024-17,441.6190476190476,1,1,0,410.0973154362416,-146.09731543624162,-35.62503579932738,334.6984126984127,-70.69841269841271,-2.9976510067114113
2024-04-28,2024,4,28,Sunday,17,Lunch,Rice-Chicken,4.7,Sunny,23.5,False,False,True,False,False,False,800,476,52.7,183.26,148.55,34.71,18.94,101.54,18607.75,3524.41,8,83,4.55,6,0,0,-0.5712682150947924,0.8207634412072763,0.8660254037844387,-0.4999999999999998,-0.7818314824680299,0.6234898018587334,416.0,22.84,433.0,37.43,460.0,33.01,433.0,482.6666666666667,70.23769168568526,514.7142857142857,60.889830255728434,507.7142857142857,86.13801856183045,598.0,416.0,0,0,0,0,4.7,0.0,16,422.6666666666667,73.28350117670038,1,0,1099,366.3333333333333,43.31210191082803,2024-17,441.6190476190476,1,1,0,506.33557046979865,-30.335570469798654,-5.9911987699485705,334.6984126984127,141.3015873015873,-2.9976510067114113
2024-04-29,2024,4,29,Monday,18,Breakfast,Idli-Sambar,3.9,Sunny,29.7,False,False,False,False,False,False,800,464,56.7,178.64,145.84,32.8,18.36,116.7,20846.62,3827.35,12,69,3.85,0,1,0,-0.3943558551133187,0.9189578116202306,0.8660254037844387,-0.4999999999999998,0.0,1.0,359.0,25.45,414.0,33.93,516.0,41.79,414.0,379.6666666666667,76.13365440679559,411.0,69.96189439020854,409.7857142857143,73.22796709478673,506.0,316.0,0,0,0,0,0.0,0.0,17,457.4418604651163,63.9487526687177,0,0,1555,518.3333333333334,29.839228295819936,2024-18,461.5238095238095,0,0,1,400.19463087248323,63.80536912751677,15.943584497476056,459.8062015503876,4.193798449612416,3.202348993288588
2024-04-29,2024,4,29,Monday,18,Dinner,Roti-Dal,3.3,Sunny,29.7,False,False,False,False,False,False,800,470,54.0,180.95,144.99,35.96,19.88,90.6,16394.1,3258.41,9,71,3.59,0,1,0,-0.3943558551133187,0.9189578116202306,0.8660254037844387,-0.4999999999999998,0.0,1.0,264.0,14.16,465.0,38.56,465.0,24.43,465.0,343.3333333333333,110.85726558657892,407.0,88.6585209290869,412.57142857142856,85.90398422363484,470.0,264.0,0,0,0,0,0.0,0.0,17,427.6744186046512,62.5028460038621,0,0,1555,518.3333333333334,30.22508038585209,2024-18,461.5238095238095,0,0,1,410.0973154362416,59.902684563758385,14.606943842106554,459.8062015503876,10.193798449612416,3.202348993288588
2024-04-29,2024,4,29,Monday,18,Lunch,Rice-Dal-Sabzi,3.4,Sunny,29.7,False,False,False,False,False,False,800,621,62.47,239.09,199.54,39.54,16.54,82.21,19655.16,3250.74,8,57,3.44,0,1,0,-0.3943558551133187,0.9189578116202306,0.8660254037844387,-0.4999999999999998,0.0,1.0,476.0,34.71,496.0,40.91,489.0,38.33,496.0,504.3333333333333,105.39607835841608,532.5714285714286,71.8328085275272,517.1428571428571,91.0180515847583,621.0,416.0,0,0,0,0,0.0,0.0,17,494.30232558139534,69.65374733833367,0,0,1555,518.3333333333334,39.935691318327976,2024-18,461.5238095238095,0,0,1,506.33557046979865,114.66442953020135,22.645936058533483,459.8062015503876,161.19379844961242,3.202348993288588
2024-04-30,2024,4,30,Tuesday,18,Breakfast,Poha,3.7,Cloudy,27.6,False,False,False,False,False,False,800,419,56.78,161.31,131.57,29.75,18.44,139.39,22485.12,4146.24,8,90,3.7,1,0,0,-0.20129852008866114,0.9795299412524943,0.8660254037844387,-0.4999999999999998,0.7818314824680298,0.6234898018587336,464.0,32.8,472.0,36.88,503.0,36.18,472.0,414.0,52.678268764264274,403.42857142857144,64.9483311123984,403.7857142857143,68.27678800456111,506.0,316.0,0,0,0,0,0.0,0.0,17,435.7906976744186,71.04142257113264,0,0,1431,477.0,29.280223619846264,2024-18,461.5238095238095,0,0,1,400.19463087248323,18.80536912751677,4.699055828539802,506.13953488372096,-87.13953488372096,1.1023489932885902
2024-04-30,2024,4,30,Tuesday,18,Dinner,Rice-Rajma,3.8,Cloudy,27.6,False,False,False,False,False,False,800,504,62.01,194.04,166.82,27.22,14.03,112.18,21766.72,3053.9,12,66,3.96,1,0,0,-0.20129852008866114,0.9795299412524943,0.8660254037844387,-0.4999999999999998,0.7818314824680298,0.6234898018587336,470.0,35.96,464.0,25.44,523.0,28.79,464.0,412.6666666666667,129.86659822037882,412.7142857142857,94.06861730622369,411.2142857142857,84.15752498136462,504.0,264.0,0,0,0,0,0.0,0.0,17,498.04651162790697,86.12475820364762,0,0,1431,477.0,35.22012578616352,2024-18,461.5238095238095,0,0,1,410.0973154362416,93.90268456375838,22.897658928556815,506.13953488372096,-2.1395348837209553,1.1023489932885902
2024-04-30,2024,4,30,Tuesday,18,Lunch,Roti-Paneer,4.0,Cloudy,27.6,False,False,False,False,False,False,800,508,72.93,195.58,154.82,40.76,20.84,102.75,20096.52,4188.59,11,78,4.02,1,0,0,-0.20129852008866114,0.9795299412524943,0.8660254037844387,-0.4999999999999998,0.7818314824680298,0.6234898018587336,621.0,39.54,558.0,41.32,537.0,45.77,558.0,535.0,76.17742447733482,525.4285714285714,71.36725940013189,515.0714285714286,90.86123340712331,621.0,416.0,0,0,0,0,0.0,0.0,34,468.32941176470587,145.08555671570826,0,0,1431,477.0,35.49965059399022,2024-18,461.5238095238095,0,0,1,506.33557046979865,1.664429530201346,0.3287206404750551,506.13953488372096,1.8604651162790447,1.1023489932885902
2024-05-01,2024,5,1,Wednesday,18,Breakfast,Upma,3.5,Cloudy,25.7,False,False,False,False,False,False,800,376,53.2,144.76,123.28,21.48,14.84,127.65,18478.93,2742.18,10,84,3.72,2,0,0,0.20129852008866006,0.9795299412524945,0.49999999999999994,-0.8660254037844387,0.9749279121818236,-0.22252093395631434,419.0,29.75,389.0,27.25,402.0,24.03,389.0,419.6666666666667,44.00378771575686,401.57142857142856,65.61213592737555,401.92857142857144,68.68149934042174,506.0,316.0,0,0,0,0,0.0,0.0,17,402.1162790697674,78.48482088680939,0,1,1340,446.6666666666667,28.059701492537314,2024-18,461.5238095238095,0,0,1,400.19463087248323,-24.19463087248323,-6.045716010665953,470.6046511627907,-94.60465116279067,-0.797651006711412
2024-05-01,2024,5,1,Wednesday,18,Dinner,Paratha-Paneer,4.1,Cloudy,25.7,False,False,False,False,False,False,800,465,63.84,179.03,154.32,24.7,13.8,133.98,23986.16,3309.52,9,89,4.24,2,0,0,0.20129852008866006,0.9795299412524945,0.49999999999999994,-0.8660254037844387,0.9749279121818236,-0.22252093395631434,504.0,27.22,461.0,39.52,469.0,39.62,461.0,479.6666666666667,21.221058723195068,413.2857142857143,94.42230366058347,410.92857142857144,83.95279285748286,504.0,264.0,0,0,0,0,0.0,0.0,17,493.16279069767444,94.51730258140397,0,0,1340,446.6666666666667,34.701492537313435,2024-18,461.5238095238095,0,0,1,410.0973154362416,54.902684563758385,13.387721035275632,470.6046511627907,-5.604651162790674,-0.797651006711412
2024-05-01,2024,5,1,Wednesday,18,Lunch,Rice-Sambar,3.6,Cloudy,25.7,False,False,False,False,False,False,800,499,65.89,192.11,165.17,26.94,14.02,99.53,19121.29,2681.61,10,59,3.99,2,0,0,0.20129852008866006,0.9795299412524945,0.49999999999999994,-0.8660254037844387,0.9749279121818236,-0.22252093395631434,508.0,40.76,503.0,35.11,524.0,35.35,503.0,542.6666666666666,67.98774399355653,524.8571428571429,71.59243109768092,513.2857142857143,90.91790766436465,621.0,416.0,0,0,0,0,0.0,0.0,17,516.5348837209302,108.15494811506254,0,0,1340,446.6666666666667,37.23880597014925,2024-18,461.5238095238095,0,0,1,506.33557046979865,-7.335570469798654,-1.4487566937065897,470.6046511627907,28.395348837209326,-0.797651006711412
2024-05-02,2024,5,2,Thursday,18,Breakfast,Dosa,4.6,Sunny,33.1,False,False,False,False,False,False,800,540,63.2,207.9,167.24,40.66,19.56,145.36,30220.14,5909.95,10,63,4.32,3,0,0,0.39435585511331855,0.9189578116202306,0.49999999999999994,-0.8660254037844387,0.43388373911755823,-0.900968867902419,376.0,21.48,506.0,36.64,533.0,35.91,506.0,445.0,85.03528679318994,406.42857142857144,75.19055158475082,402.42857142857144,69.72662474121486,540.0,316.0,0,0,0,0,0.0,0.0,17,496.3488372093023,101.6197121205963,1,0,1639,546.3333333333334,32.94691885295912,2024-18,461.5238095238095,0,0,1,400.19463087248323,139.80536912751677,34.93434402723506,502.8914728682171,37.10852713178292,6.60234899328859
2024-05-02,2024,5,2,Thursday,18,Dinner,Rice-Curd-Pickle,3.2,Sunny,33.1,False,False,False,False,False,False,800,466,52.17,179.41,151.76,27.65,15.41,100.33,18000.51,2774.34,10,90,3.33,3,0,0,0.39435585511331855,0.9189578116202306,0.49999999999999994,-0.8660254037844387,0.43388373911755823,-0.900968867902419,465.0,24.7,424.0,36.01,419.0,33.99,424.0,478.3333333333333,22.233608194202155,419.2857142857143,96.52756823090195,414.2857142857143,85.2303923504977,504.0,264.0,0,0,0,0,0.0,0.0,17,405.6046511627907,82.89641830819832,0,1,1639,546.3333333333334,28.431970713849907,2024-18,461.5238095238095,0,0,1,410.0973154362416,55.902684563758385,13.631565596641817,502.8914728682171,-36.89147286821708,6.60234899328859
2024-05-02,2024,5,2,Thursday,18,Lunch,Biryani,4.8,Sunny,33.1,False,False,False,False,False,False,800,633,79.25,243.71,203.31,40.4,16.58,106.58,25973.74,4305.45,11,67,4.84,3,0,0,0.39435585511331855,0.9189578116202306,0.49999999999999994,-0.8660254037844387,0.43388373911755823,-0.900968867902419,499.0,26.94,598.0,43.94,710.0,50.55,598.0,546.6666666666666,74.90215840236772,529.8571428571429,78.44622058333675,507.7857142857143,79.74495746916067,633.0,416.0,0,0,0,0,0.0,0.0,17,606.7209302325581,110.13462013143287,1,0,1639,546.3333333333334,38.62111043319097,2024-18,461.5238095238095,0,0,1,506.33557046979865,126.66442953020135,25.015905837442343,502.8914728682171,130.10852713178292,6.60234899328859
2024-05-03,2024,5,3,Friday,18,Breakfast,Paratha-Curry,3.7,Rainy,28.2,False,False,False,False,False,False,800,387,52.05,149.0,124.02,24.98,16.76,132.31,19714.08,3304.85,9,57,4.01,4,0,1,0.5712682150947923,0.8207634412072763,0.49999999999999994,-0.8660254037844387,-0.433883739117558,-0.9009688679024191,540.0,40.66,371.0,24.53,336.0,27.94,371.0,434.3333333333333,91.67515112250099,408.7142857142857,74.1703316376442,406.07142857142856,67.27837037918741,540.0,316.0,0,0,0,0,0.0,28.2,17,367.85714285714283,69.70270367033623,0,0,1551,517.0,24.95164410058027,2024-18,461.5238095238095,0,0,1,400.19463087248323,-13.19463087248323,-3.2970534471482016,432.13492063492066,-45.13492063492066,1.702348993288588
2024-05-03,2024,5,3,Friday,18,Dinner,Noodles,4.2,Rainy,28.2,False,False,False,False,False,False,800,510,61.13,196.35,164.95,31.4,15.99,96.75,18996.81,3037.95,8,87,4.4,4,0,1,0.5712682150947923,0.8207634412072763,0.49999999999999994,-0.8660254037844387,-0.433883739117558,-0.9009688679024191,466.0,27.65,470.0,32.75,442.0,34.8,470.0,480.3333333333333,25.696951829609933,425.0,101.10555540292202,419.14285714285717,88.79436671568504,510.0,264.0,0,0,0,0,0.0,28.2,17,427.35714285714283,84.50424189917749,0,0,1551,517.0,32.88201160541586,2024-18,461.5238095238095,0,0,1,410.0973154362416,99.90268456375838,24.36072629675392,432.13492063492066,77.86507936507934,1.702348993288588
2024-05-03,2024,5,3,Friday,18,Lunch,Chole-Bhature,4.5,Rainy,28.2,False,False,False,False,False,False,800,654,72.93,251.79,200.77,51.02,20.26,119.34,30048.94,6088.64,10,53,4.25,4,0,1,0.5712682150947923,0.8207634412072763,0.49999999999999994,-0.8660254037844387,-0.433883739117558,-0.9009688679024191,633.0,40.4,556.0,29.45,457.0,28.64,556.0,595.3333333333334,84.08527417647744,543.8571428571429,91.54129955276763,521.8571428571429,87.13284035386357,654.0,416.0,0,0,0,0,0.0,28.2,17,501.1904761904762,97.64825828507733,1,0,1551,517.0,42.16634429400386,2024-18,461.5238095238095,0,0,1,506.33557046979865,147.66442953020135,29.163352950532843,432.13492063492066,221.86507936507934,1.702348993288588
2024-05-04,2024,5,4,Saturday,18,Breakfast,Bread-Omelette,3.9,Sunny,24.9,False,False,True,False,False,False,800,326,41.58,125.51,99.64,25.87,20.61,87.01,10921.11,2250.9,10,90,3.99,5,0,0,0.72479278722912,0.6889669190756866,0.49999999999999994,-0.8660254037844387,-0.9749279121818236,-0.2225209339563146,387.0,24.98,316.0,22.41,331.0,22.78,316.0,417.6666666666667,110.24669307209804,410.14285714285717,72.15591583838582,405.7142857142857,67.71936272523605,540.0,326.0,0,0,0,0,3.9,0.0,17,320.9761904761905,53.05978592771122,0,0,1044,348.0,31.226053639846747,2024-18,461.5238095238095,1,1,0,400.19463087248323,-74.19463087248323,-18.53963675392846,361.4761904761905,-35.47619047619048,-1.5976510067114127
2024-05-04,2024,5,4,Saturday,18,Dinner,Roti-Paneer,4.0,Sunny,24.9,False,False,True,False,False,False,800,322,45.38,123.97,106.33,17.64,14.23,141.49,17540.26,2495.45,11,86,3.94,5,0,0,0.72479278722912,0.6889669190756866,0.49999999999999994,-0.8660254037844387,-0.9749279121818236,-0.2225209339563146,510.0,31.4,296.0,22.8,360.0,24.4,296.0,432.6666666666667,98.3327683599587,428.7142857142857,95.92134674776392,416.42857142857144,91.28713304371354,510.0,264.0,0,0,0,0,4.0,0.0,35,468.32941176470587,145.08555671570826,0,0,1044,348.0,30.842911877394634,2024-18,461.5238095238095,1,1,0,410.0973154362416,-88.09731543624162,-21.4820512400887,361.4761904761905,-39.47619047619048,-1.5976510067114127
2024-05-04,2024,5,4,Saturday,18,Lunch,Fried Rice,4.2,Sunny,24.9,False,False,True,False,False,False,800,396,53.3,152.46,127.25,25.21,16.53,89.62,13663.88,2259.27,12,55,4.17,5,0,0,0.72479278722912,0.6889669190756866,0.49999999999999994,-0.8660254037844387,-0.9749279121818236,-0.2225209339563146,654.0,51.02,416.0,22.84,355.0,29.15,416.0,561.0,143.27944723511482,541.0,96.38118765263967,524.7857142857143,81.60710618702142,654.0,396.0,0,0,0,0,4.2,0.0,17,414.14285714285717,69.65159687857265,0,0,1044,348.0,37.93103448275862,2024-18,461.5238095238095,1,1,0,506.33557046979865,-110.33557046979865,-21.79099729600763,361.4761904761905,34.52380952380952,-1.5976510067114127
2024-05-05,2024,5,5,Sunday,18,Breakfast,Puri-Bhaji,4.3,Rainy,30.8,False,False,True,False,False,False,800,411,44.66,158.24,126.89,31.34,19.81,125.21,19813.06,3924.48,8,86,4.32,6,0,0,0.8486442574947509,0.5289640103269624,0.49999999999999994,-0.8660254037844387,-0.7818314824680299,0.6234898018587334,326.0,25.87,359.0,25.45,341.0,22.95,359.0,374.6666666666667,43.82160806421165,417.57142857142856,68.60237396975229,410.7142857142857,65.1075188514277,540.0,326.0,0,0,1,0,4.3,30.8,17,316.2857142857143,54.82089939478339,1,0,1132,377.3333333333333,36.30742049469965,2024-18,461.5238095238095,1,1,0,400.19463087248323,10.80536912751677,2.7000285096178014,334.6984126984127,76.30158730158729,4.302348993288589
2024-05-05,2024,5,5,Sunday,18,Dinner,Khichdi,3.0,Rainy,30.8,False,False,True,False,False,False,800,310,37.12,119.35,101.31,18.04,15.11,145.37,17350.46,2622.12,8,70,3.5,6,0,0,0.8486442574947509,0.5289640103269624,0.49999999999999994,-0.8660254037844387,-0.7818314824680299,0.6234898018587334,322.0,17.64,264.0,14.16,249.0,19.15,264.0,380.6666666666667,112.16654284292308,435.2857142857143,83.53185876401544,420.7857142857143,83.83241393621933,510.0,310.0,0,0,1,0,3.0,30.8,17,265.14285714285717,46.54165269454953,0,1,1132,377.3333333333333,27.385159010600706,2024-18,461.5238095238095,1,1,0,410.0973154362416,-100.09731543624162,-24.408185976482912,334.6984126984127,-24.69841269841271,4.302348993288589
2024-05-05,2024,5,5,Sunday,18,Lunch,Rice-Chicken,4.7,Rainy,30.8,False,False,True,False,False,False,800,411,57.97,158.24,129.97,28.26,17.86,130.62,20668.38,3691.84,8,56,4.53,6,0,0,0.8486442574947509,0.5289640103269624,0.49999999999999994,-0.8660254037844387,-0.7818314824680299,0.6234898018587334,396.0,25.21,476.0,34.71,433.0,37.43,476.0,487.0,144.82057864820194,531.7142857142857,106.30728147797825,523.2142857142857,83.69558261611277,654.0,396.0,0,0,1,0,4.7,30.8,17,422.6666666666667,73.28350117670038,1,0,1132,377.3333333333333,36.30742049469965,2024-18,461.5238095238095,1,1,0,506.33557046979865,-95.33557046979865,-18.82853507237156,334.6984126984127,76.30158730158729,4.302348993288589
2024-05-06,2024,5,6,Monday,19,Breakfast,Idli-Sambar,3.9,Sunny,26.0,False,False,False,False,False,False,800,435,56.7,167.48,140.82,26.66,15.92,141.06,23624.08,3760.52,10,47,3.78,0,1,0,0.9377521321470804,0.3473052528448203,0.49999999999999994,-0.8660254037844387,0.0,1.0,411.0,31.34,464.0,32.8,414.0,33.93,464.0,390.6666666666667,57.27419430540585,413.42857142857144,66.16357795357713,412.2142857142857,65.43014898045395,540.0,326.0,0,0,0,0,0.0,0.0,18,457.4418604651163,63.9487526687177,0,0,1312,437.3333333333333,33.15548780487805,2024-19,436.14285714285717,0,0,1,400.19463087248323,34.80536912751677,8.697110466383803,459.8062015503876,-24.806201550387584,-0.49765100671141127
2024-05-06,2024,5,6,Monday,19,Dinner,Roti-Dal,3.3,Sunny,26.0,False,False,False,False,False,False,800,402,54.0,154.77,128.62,26.15,16.9,116.7,18062.01,3051.97,9,77,3.57,0,1,0,0.9377521321470804,0.3473052528448203,0.49999999999999994,-0.8660254037844387,0.0,1.0,310.0,18.04,470.0,35.96,465.0,38.56,470.0,344.6666666666667,50.013331556029115,425.57142857142856,82.77249370585444,416.2857142857143,82.962854126622,510.0,310.0,0,0,0,0,0.0,0.0,18,427.6744186046512,62.5028460038621,0,0,1312,437.3333333333333,30.640243902439025,2024-19,436.14285714285717,0,0,1,410.0973154362416,-8.097315436241615,-1.9744863307939688,459.8062015503876,-57.806201550387584,-0.49765100671141127
2024-05-06,2024,5,6,Monday,19,Lunch,Rice-Dal-Sabzi,3.4,Sunny,26.0,False,False,False,False,False,False,800,475,62.47,182.88,150.75,32.12,17.56,87.51,16003.58,2810.87,10,63,3.63,0,1,0,0.9377521321470804,0.3473052528448203,0.49999999999999994,-0.8660254037844387,0.0,1.0,411.0,28.26,621.0,39.54,496.0,40.91,621.0,427.3333333333333,41.95632649950876,510.85714285714283,100.00571412245826,521.7142857142857,84.40600468197529,654.0,396.0,0,0,0,0,0.0,0.0,18,494.30232558139534,69.65374733833367,0,0,1312,437.3333333333333,36.204268292682926,2024-19,436.14285714285717,0,0,1,506.33557046979865,-31.335570469798654,-6.188696251524309,459.8062015503876,15.193798449612416,-0.49765100671141127
2024-05-07,2024,5,7,Tuesday,19,Breakfast,Poha,3.7,Sunny,28.1,False,False,False,False,False,False,800,423,56.78,162.85,127.51,35.34,21.7,91.37,14880.81,3229.61,11,86,3.76,1,0,0,0.9884683243281114,0.1514277775045767,0.49999999999999994,-0.8660254037844387,0.7818314824680298,0.6234898018587336,435.0,26.66,419.0,29.75,472.0,36.88,419.0,423.0,12.000000000002464,414.0,66.23694839991774,408.7142857142857,63.260667779530195,540.0,326.0,0,0,0,0,0.0,0.0,18,435.7906976744186,71.04142257113264,0,0,1512,504.0,27.976190476190478,2024-19,436.14285714285717,0,0,1,400.19463087248323,22.80536912751677,5.698569488000802,506.13953488372096,-83.13953488372096,1.6023489932885902
2024-05-07,2024,5,7,Tuesday,19,Dinner,Rice-Rajma,3.8,Sunny,28.1,False,False,False,False,False,False,800,494,62.01,190.19,150.3,39.89,20.97,122.77,23349.02,4896.58,11,72,3.94,1,0,0,0.9884683243281114,0.1514277775045767,0.49999999999999994,-0.8660254037844387,0.7818314824680298,0.6234898018587336,402.0,26.15,504.0,27.22,464.0,25.44,504.0,402.0,91.9999999999998,424.14285714285717,81.26587756951164,418.42857142857144,84.66014799975639,510.0,310.0,0,0,0,0,0.0,0.0,18,498.04651162790697,86.12475820364762,0,0,1512,504.0,32.67195767195767,2024-19,436.14285714285717,0,0,1,410.0973154362416,83.90268456375838,20.45921331489497,506.13953488372096,-12.139534883720955,1.6023489932885902
2024-05-07,2024,5,7,Tuesday,19,Lunch,Roti-Paneer,4.0,Sunny,28.1,False,False,False,False,False,False,800,595,72.93,229.08,180.89,48.18,21.03,131.56,30137.85,6339.36,10,81,4.15,1,0,0,0.9884683243281114,0.1514277775045767,0.49999999999999994,-0.8660254037844387,0.7818314824680298,0.6234898018587336,475.0,32.12,508.0,40.76,558.0,41.32,508.0,493.6666666666667,93.40949273673088,523.2857142857143,104.87884166299429,524.3571428571429,86.18995760069035,654.0,396.0,0,0,0,0,0.0,0.0,36,468.32941176470587,145.08555671570826,0,0,1512,504.0,39.351851851851855,2024-19,436.14285714285717,0,0,1,506.33557046979865,88.66442953020135,17.511001537564287,506.13953488372096,88.86046511627904,1.6023489932885902
2024-05-08,2024,5,8,Wednesday,19,Breakfast,Upma,3.5,Sunny,27.3,False,False,False,False,False,False,800,394,53.2,151.69,126.44,25.25,16.64,92.93,14097.26,2346.23,9,75,3.65,2,0,0,0.9987165071710528,-0.05064916883871264,0.49999999999999994,-0.8660254037844387,0.9749279121818236,-0.22252093395631434,423.0,35.34,376.0,21.48,389.0,27.25,376.0,417.3333333333333,21.079215671684537,416.57142857142856,64.85074438754793,409.07142857142856,63.15483328323311,540.0,326.0,0,0,0,0,0.0,0.0,18,402.1162790697674,78.48482088680939,0,1,1436,478.6666666666667,27.437325905292482,2024-19,436.14285714285717,0,0,1,400.19463087248323,-6.194630872483231,-1.547904543091451,470.6046511627907,-76.60465116279067,0.8023489932885894
2024-05-08,2024,5,8,Wednesday,19,Dinner,Paratha-Paneer,4.1,Sunny,27.3,False,False,False,False,False,False,800,540,63.84,207.9,178.68,29.22,14.05,101.14,21026.22,2955.07,12,45,4.04,2,0,0,0.9987165071710528,-0.05064916883871264,0.49999999999999994,-0.8660254037844387,0.9749279121818236,-0.22252093395631434,494.0,39.89,465.0,24.7,461.0,39.52,465.0,478.6666666666667,70.26616065598928,434.85714285714283,91.81036356067246,424.07142857142856,90.16946804230886,540.0,310.0,0,0,0,0,0.0,0.0,18,493.16279069767444,94.51730258140397,0,0,1436,478.6666666666667,37.60445682451253,2024-19,436.14285714285717,0,0,1,410.0973154362416,129.90268456375838,31.676063137739447,470.6046511627907,69.39534883720933,0.8023489932885894
2024-05-08,2024,5,8,Wednesday,19,Lunch,Rice-Sambar,3.6,Sunny,27.3,False,False,False,False,False,False,800,502,65.89,193.27,153.7,39.57,20.47,98.25,18989.74,3887.64,9,73,3.91,2,0,0,0.9987165071710528,-0.05064916883871264,0.49999999999999994,-0.8660254037844387,0.9749279121818236,-0.22252093395631434,595.0,48.18,499.0,26.94,503.0,35.11,499.0,524.0,62.952362942148916,523.7142857142857,104.76913394970595,524.2857142857143,86.20943065619876,654.0,396.0,0,0,0,0,0.0,0.0,18,516.5348837209302,108.15494811506254,0,0,1436,478.6666666666667,34.958217270194986,2024-19,436.14285714285717,0,0,1,506.33557046979865,-4.335570469798654,-0.8562642489793746,470.6046511627907,31.395348837209326,0.8023489932885894
2024-05-09,2024,5,9,Thursday,19,Breakfast,Dosa,4.6,Sunny,29.5,False,False,False,False,False,False,800,465,63.2,179.03,142.18,36.84,20.58,126.75,22690.53,4669.5,11,64,4.34,3,0,0,0.9680771188662043,-0.2506525322587204,0.49999999999999994,-0.8660254037844387,0.43388373911755823,-0.900968867902419,394.0,25.25,540.0,40.66,506.0,36.64,540.0,427.3333333333333,35.697805721548114,405.85714285714283,43.857453077854586,406.14285714285717,59.13720310607184,465.0,326.0,0,0,0,0,0.0,0.0,18,496.3488372093023,101.6197121205963,1,0,1546,515.3333333333334,30.077619663648125,2024-19,436.14285714285717,0,0,1,400.19463087248323,64.80536912751677,16.193462912341307,502.8914728682171,-37.89147286821708,3.0023489932885887
2024-05-09,2024,5,9,Thursday,19,Dinner,Rice-Curd-Pickle,3.2,Sunny,29.5,False,False,False,False,False,False,800,442,52.17,170.17,145.67,24.5,14.4,100.65,17128.06,2466.24,12,59,3.39,3,0,0,0.9680771188662043,-0.2506525322587204,0.49999999999999994,-0.8660254037844387,0.43388373911755823,-0.900968867902419,540.0,29.22,466.0,27.65,424.0,36.01,466.0,492.0,49.03060268852465,431.42857142857144,90.89711609443783,425.35714285714283,90.29661135379341,540.0,310.0,0,0,0,0,0.0,0.0,18,405.6046511627907,82.89641830819832,0,1,1546,515.3333333333334,28.58990944372574,2024-19,436.14285714285717,0,0,1,410.0973154362416,31.902684563758385,7.779296123853398,502.8914728682171,-60.89147286821708,3.0023489932885887
2024-05-09,2024,5,9,Thursday,19,Lunch,Biryani,4.8,Sunny,29.5,False,False,False,False,False,False,800,639,79.25,246.01,205.45,40.57,16.49,144.62,35578.05,5866.91,10,89,4.46,3,0,0,0.9680771188662043,-0.2506525322587204,0.49999999999999994,-0.8660254037844387,0.43388373911755823,-0.900968867902419,502.0,39.57,633.0,40.4,598.0,43.94,633.0,578.6666666666666,69.94521665799155,524.5714285714286,105.83140230709272,527.2142857142857,89.53828452457869,654.0,396.0,0,0,0,0,0.0,0.0,18,606.7209302325581,110.13462013143287,1,0,1546,515.3333333333334,41.332470892626134,2024-19,436.14285714285717,0,0,1,506.33557046979865,132.66442953020135,26.20089072689677,502.8914728682171,136.10852713178292,3.0023489932885887
2024-05-10,2024,5,10,Friday,19,Breakfast,Paratha-Curry,3.7,Sunny,23.0,False,False,False,False,False,False,800,394,47.32,151.69,119.33,32.36,21.33,132.34,20074.87,4282.91,12,68,3.83,4,0,1,0.8978045395707416,-0.4403941515576344,0.49999999999999994,-0.8660254037844387,-0.433883739117558,-0.9009688679024191,465.0,36.84,387.0,24.98,371.0,24.53,387.0,417.6666666666667,40.99186911246413,406.85714285714283,43.433583670659935,407.7857142857143,58.4007093890379,465.0,326.0,0,0,0,0,0.0,0.0,18,367.85714285714283,69.70270367033623,0,0,1359,453.0,28.99190581309787,2024-19,436.14285714285717,0,0,1,400.19463087248323,-6.194630872483231,-1.547904543091451,432.13492063492066,-38.13492063492066,-3.4976510067114113
2024-05-10,2024,5,10,Friday,19,Dinner,Noodles,4.2,Sunny,23.0,False,False,False,False,False,False,800,464,55.58,178.64,150.41,28.23,15.8,127.62,22798.74,3602.49,12,50,4.23,4,0,1,0.8978045395707416,-0.4403941515576344,0.49999999999999994,-0.8660254037844387,-0.433883739117558,-0.9009688679024191,442.0,24.5,510.0,31.4,470.0,32.75,510.0,482.0,51.41984052872938,424.85714285714283,85.78933222615457,424.92857142857144,90.0824103770578,540.0,310.0,0,0,0,0,0.0,0.0,18,427.35714285714283,84.50424189917749,0,0,1359,453.0,34.14275202354673,2024-19,436.14285714285717,0,0,1,410.0973154362416,53.902684563758385,13.14387647390945,432.13492063492066,31.86507936507934,-3.4976510067114113
2024-05-10,2024,5,10,Friday,19,Lunch,Chole-Bhature,4.5,Sunny,23.0,False,False,False,False,False,False,800,501,66.3,192.89,158.68,34.21,17.73,112.96,21787.9,3863.92,12,87,4.57,4,0,1,0.8978045395707416,-0.4403941515576344,0.49999999999999994,-0.8660254037844387,-0.433883739117558,-0.9009688679024191,639.0,40.57,654.0,51.02,556.0,29.45,654.0,547.3333333333334,79.38723658960161,502.7142857142857,89.12671557154685,523.2857142857143,89.38458701367036,639.0,396.0,0,0,0,0,0.0,0.0,18,501.1904761904762,97.64825828507733,1,0,1359,453.0,36.86534216335541,2024-19,436.14285714285717,0,0,1,506.33557046979865,-5.335570469798654,-1.053761730555113,432.13492063492066,68.86507936507934,-3.4976510067114113
2024-05-11,2024,5,11,Saturday,19,Breakfast,Bread-Omelette,3.9,Sunny,25.7,False,False,True,False,False,False,800,284,41.58,109.34,88.09,21.25,19.44,144.21,15767.61,3064.96,8,48,4.15,5,0,0,0.7907757369376989,-0.6121059825476626,0.49999999999999994,-0.8660254037844387,-0.9749279121818236,-0.2225209339563146,394.0,32.36,326.0,25.87,316.0,22.41,326.0,381.0,91.19758768739473,400.85714285714283,57.18807734551157,405.5,62.73478975938189,465.0,284.0,0,0,0,0,3.9,0.0,18,320.9761904761905,53.05978592771122,0,0,1018,339.3333333333333,27.897838899803535,2024-19,436.14285714285717,1,1,0,400.19463087248323,-116.19463087248323,-29.034530178268962,361.4761904761905,-77.47619047619048,-0.797651006711412
2024-05-11,2024,5,11,Saturday,19,Dinner,Roti-Paneer,4.0,Sunny,25.7,False,False,True,False,False,False,800,364,45.38,140.14,119.18,20.96,14.96,110.93,15545.57,2325.5,9,90,4.11,5,0,0,0.7907757369376989,-0.6121059825476626,0.49999999999999994,-0.8660254037844387,-0.9749279121818236,-0.2225209339563146,464.0,28.23,322.0,17.64,296.0,22.8,322.0,423.3333333333333,52.5483903971691,430.85714285714283,78.5608650907659,429.7857142857143,84.2397481289869,540.0,310.0,0,0,0,0,4.0,0.0,37,468.32941176470587,145.08555671570826,0,0,1018,339.3333333333333,35.75638506876228,2024-19,436.14285714285717,1,1,0,410.0973154362416,-46.097315436241615,-11.240579662708967,361.4761904761905,2.5238095238095184,-0.797651006711412
2024-05-11,2024,5,11,Saturday,19,Lunch,Fried Rice,4.2,Sunny,25.7,False,False,True,False,False,False,800,370,53.3,142.45,121.77,20.68,14.52,94.15,13411.81,1947.29,12,54,4.06,5,0,0,0.7907757369376989,-0.6121059825476626,0.49999999999999994,-0.8660254037844387,-0.9749279121818236,-0.2225209339563146,501.0,34.21,396.0,25.21,416.0,22.84,396.0,503.3333333333333,134.51517882132626,499.0,94.6836839165016,520.0,94.3398113205661,639.0,370.0,0,0,0,0,4.2,0.0,18,414.14285714285717,69.65159687857265,0,0,1018,339.3333333333333,36.345776031434184,2024-19,436.14285714285717,1,1,0,506.33557046979865,-136.33557046979865,-26.925931816976828,361.4761904761905,8.523809523809518,-0.797651006711412
2024-05-12,2024,5,12,Sunday,19,Breakfast,Puri-Bhaji,4.3,Sunny,28.8,False,False,True,False,False,False,800,300,40.6,115.5,94.61,20.89,18.09,136.61,15778.28,2853.9,11,53,4.29,6,0,0,0.6513724827222223,-0.758758122692791,0.49999999999999994,-0.8660254037844387,-0.7818314824680299,0.6234898018587334,284.0,21.25,411.0,31.34,359.0,25.45,411.0,326.0,59.43063183241484,385.0,68.23000317553377,401.2857142857143,67.87027056358053,465.0,284.0,0,0,0,0,4.3,0.0,18,316.2857142857143,54.82089939478339,1,0,976,325.3333333333333,30.737704918032787,2024-19,436.14285714285717,1,1,0,400.19463087248323,-100.19463087248323,-25.036475540424963,334.6984126984127,-34.69841269841271,2.3023489932885894
2024-05-12,2024,5,12,Sunday,19,Dinner,Khichdi,3.0,Sunny,28.8,False,False,True,False,False,False,800,234,33.75,90.09,75.54,14.55,16.15,107.72,9704.17,1567.42,8,58,3.41,6,0,0,0.6513724827222223,-0.758758122692791,0.49999999999999994,-0.8660254037844387,-0.7818314824680299,0.6234898018587334,364.0,20.96,310.0,18.04,264.0,14.16,310.0,354.0,115.32562594670779,420.0,100.29290436848794,427.64285714285717,89.02688197553424,540.0,234.0,0,0,0,0,3.0,0.0,18,265.14285714285717,46.54165269454953,0,1,976,325.3333333333333,23.975409836065573,2024-19,436.14285714285717,1,1,0,410.0973154362416,-176.09731543624162,-42.94037264031291,334.6984126984127,-100.69841269841271,2.3023489932885894
2024-05-12,2024,5,12,Sunday,19,Lunch,Rice-Chicken,4.7,Sunny,28.8,False,False,True,False,False,False,800,442,52.7,170.17,138.56,31.61,18.57,84.04,14301.35,2656.41,11,88,4.7,6,0,0,0.6513724827222223,-0.758758122692791,0.49999999999999994,-0.8660254037844387,-0.7818314824680299,0.6234898018587334,370.0,20.68,411.0,28.26,476.0,34.71,411.0,437.6666666666667,65.60741827974468,503.42857142857144,90.5149290501427,517.5714285714286,95.98294262380834,639.0,370.0,0,0,0,0,4.7,0.0,18,422.6666666666667,73.28350117670038,1,0,976,325.3333333333333,45.28688524590164,2024-19,436.14285714285717,1,1,0,506.33557046979865,-64.33557046979865,-12.706113143523673,334.6984126984127,107.30158730158729,2.3023489932885894
2024-05-13,2024,5,13,Monday,20,Breakfast,Idli-Sambar,3.9,Sunny,27.8,False,False,False,False,False,False,800,409,56.7,157.46,126.61,30.86,19.6,84.46,13300.0,2606.16,8,49,4.22,0,1,0,0.48530196253108104,-0.8743466161445821,0.49999999999999994,-0.8660254037844387,0.0,1.0,300.0,20.89,435.0,26.66,464.0,32.8,435.0,331.0,68.02205524680978,381.2857142857143,65.71583849097142,397.35714285714283,65.5117219609263,465.0,284.0,0,0,0,0,0.0,0.0,19,457.4418604651163,63.9487526687177,0,0,1314,438.0,31.12633181126332,2024-20,401.9047619047619,0,0,1,400.19463087248323,8.80536912751677,2.200271679887301,459.8062015503876,-50.806201550387584,1.3023489932885894
2024-05-13,2024,5,13,Monday,20,Dinner,Roti-Dal,3.3,Sunny,27.8,False,False,False,False,False,False,800,433,54.0,166.7,143.64,23.06,13.83,125.21,20873.41,2887.49,11,68,3.81,0,1,0,0.48530196253108104,-0.8743466161445821,0.49999999999999994,-0.8660254037844387,0.0,1.0,234.0,14.55,402.0,26.15,470.0,35.96,402.0,343.6666666666667,101.04619405664566,424.42857142857144,100.04974952968338,425.0,88.21826079934658,540.0,234.0,0,0,0,0,0.0,0.0,19,427.6744186046512,62.5028460038621,0,0,1314,438.0,32.95281582952816,2024-20,401.9047619047619,0,0,1,410.0973154362416,22.902684563758385,5.58469507155774,459.8062015503876,-26.806201550387584,1.3023489932885894
2024-05-13,2024,5,13,Monday,20,Lunch,Rice-Dal-Sabzi,3.4,Sunny,27.8,False,False,False,False,False,False,800,472,62.47,181.72,148.22,33.5,18.44,100.1,18189.51,3353.37,9,53,3.77,0,1,0,0.48530196253108104,-0.8743466161445821,0.49999999999999994,-0.8660254037844387,0.0,1.0,442.0,31.61,475.0,32.12,621.0,39.54,475.0,428.0,52.42136968832505,503.0,90.67892074052631,506.92857142857144,91.80201462990831,639.0,370.0,0,0,0,0,0.0,0.0,19,494.30232558139534,69.65374733833367,0,0,1314,438.0,35.920852359208524,2024-20,401.9047619047619,0,0,1,506.33557046979865,-34.335570469798654,-6.781188696251523,459.8062015503876,12.193798449612416,1.3023489932885894
2024-05-14,2024,5,14,Tuesday,20,Breakfast,Poha,3.7,Sunny,25.4,False,False,False,False,False,False,800,440,56.78,169.4,144.29,25.11,14.82,143.47,24304.45,3602.32,11,50,3.95,1,0,0,0.29936312297335804,-0.9541392564000488,0.49999999999999994,-0.8660254037844387,0.7818314824680298,0.6234898018587336,409.0,30.86,423.0,35.34,419.0,29.75,423.0,383.0,73.5323058253993,383.7142857142857,67.79556102900919,398.85714285714283,66.28128537686027,465.0,284.0,0,0,0,0,0.0,0.0,19,435.7906976744186,71.04142257113264,0,0,1542,514.0,28.534370946822307,2024-20,401.9047619047619,0,0,1,400.19463087248323,39.80536912751677,9.946502540710055,506.13953488372096,-66.13953488372096,-1.0976510067114127
2024-05-14,2024,5,14,Tuesday,20,Dinner,Rice-Rajma,3.8,Sunny,25.4,False,False,False,False,False,False,800,473,62.01,182.1,149.61,32.49,17.84,117.02,21309.74,3802.32,9,45,4.05,1,0,0,0.29936312297335804,-0.9541392564000488,0.49999999999999994,-0.8660254037844387,0.7818314824680298,0.6234898018587336,433.0,23.06,494.0,39.89,504.0,27.22,494.0,380.0,128.01171821360714,421.42857142857144,97.90787701177256,422.7857142857143,86.4542374024267,540.0,234.0,0,0,0,0,0.0,0.0,19,498.04651162790697,86.12475820364762,0,0,1542,514.0,30.674448767833983,2024-20,401.9047619047619,0,0,1,410.0973154362416,62.902684563758385,15.338477526205107,506.13953488372096,-33.139534883720955,-1.0976510067114127
2024-05-14,2024,5,14,Tuesday,20,Lunch,Roti-Paneer,4.0,Sunny,25.4,False,False,False,False,False,False,800,629,72.93,242.16,201.7,40.47,16.71,117.75,28515.18,4765.16,10,52,3.93,1,0,0,0.29936312297335804,-0.9541392564000488,0.49999999999999994,-0.8660254037844387,0.7818314824680298,0.6234898018587336,472.0,33.5,595.0,48.18,508.0,40.76,595.0,514.3333333333334,100.4307389862953,507.85714285714283,97.11063891498283,515.5714285714286,97.43377576251814,639.0,370.0,0,0,0,0,0.0,0.0,38,468.32941176470587,145.08555671570826,0,0,1542,514.0,40.79118028534371,2024-20,401.9047619047619,0,0,1,506.33557046979865,122.66442953020135,24.22591591113939,506.13953488372096,122.86046511627904,-1.0976510067114127
2024-05-15,2024,5,15,Wednesday,20,Breakfast,Upma,3.5,Rainy,30.5,False,False,False,False,False,False,800,425,58.52,163.62,133.32,30.3,18.52,130.34,21326.32,3949.24,11,79,3.67,2,0,0,0.10116832198743272,-0.994869323391895,0.49999999999999994,-0.8660254037844387,0.9749279121818236,-0.22252093395631434,440.0,25.11,394.0,25.25,376.0,21.48,394.0,424.6666666666667,15.502687938979918,388.14285714285717,69.56873955886753,402.35714285714283,66.2751921830567,465.0,284.0,0,0,0,0,0.0,30.5,19,402.1162790697674,78.48482088680939,0,1,1653,551.0,25.710828796128247,2024-20,401.9047619047619,0,0,1,400.19463087248323,24.80536912751677,6.198326317731303,470.6046511627907,-45.604651162790674,4.002348993288589
2024-05-15,2024,5,15,Wednesday,20,Dinner,Paratha-Paneer,4.1,Rainy,30.5,False,False,False,False,False,False,800,625,70.22,240.63,205.08,35.54,14.77,133.58,32143.72,4747.9,8,87,4.11,2,0,0,0.10116832198743272,-0.994869323391895,0.49999999999999994,-0.8660254037844387,0.9749279121818236,-0.22252093395631434,473.0,32.49,540.0,29.22,465.0,24.7,540.0,510.3333333333333,101.2982395371869,433.57142857142856,118.22698104755548,434.2142857142857,101.69575936354208,625.0,234.0,0,0,0,0,0.0,30.5,19,493.16279069767444,94.51730258140397,0,0,1653,551.0,37.81004234724743,2024-20,401.9047619047619,0,0,1,410.0973154362416,214.90268456375838,52.402850853865104,470.6046511627907,154.39534883720933,4.002348993288589
2024-05-15,2024,5,15,Wednesday,20,Lunch,Rice-Sambar,3.6,Rainy,30.5,False,False,False,False,False,False,800,603,72.48,232.16,184.24,47.92,20.64,112.24,26057.95,5378.21,9,62,3.65,2,0,0,0.10116832198743272,-0.994869323391895,0.49999999999999994,-0.8660254037844387,0.9749279121818236,-0.22252093395631434,629.0,40.47,502.0,39.57,499.0,26.94,502.0,568.0,84.14867794564593,522.2857142857143,103.39521956343737,523.0,100.00384607988454,639.0,370.0,0,0,0,0,0.0,30.5,19,516.5348837209302,108.15494811506254,0,0,1653,551.0,36.47912885662432,2024-20,401.9047619047619,0,0,1,506.33557046979865,96.66442953020135,19.090981390170196,470.6046511627907,132.39534883720933,4.002348993288589
2024-05-16,2024,5,16,Thursday,20,Breakfast,Dosa,4.6,Cloudy,20.6,True,False,False,False,True,False,800,361,48.34,138.99,118.56,20.42,14.69,81.1,11271.02,1656.06,9,49,4.32,3,0,0,-0.10116832198743204,-0.9948693233918952,0.49999999999999994,-0.8660254037844387,0.43388373911755823,-0.900968867902419,425.0,30.3,465.0,36.84,540.0,40.66,465.0,408.6666666666667,41.95632649950886,373.2857142857143,60.99648701828192,389.57142857142856,53.76403471254202,440.0,284.0,0,0,0,0,0.0,0.0,19,496.3488372093023,101.6197121205963,1,0,1181,393.6666666666667,30.56731583403895,2024-20,401.9047619047619,2,1,0,400.19463087248323,-39.19463087248323,-9.793892233644705,502.8914728682171,-141.89147286821708,-5.89765100671141
2024-05-16,2024,5,16,Thursday,20,Dinner,Rice-Curd-Pickle,3.2,Cloudy,20.6,True,False,False,False,True,False,800,313,39.91,120.51,97.52,22.98,19.07,96.4,11617.13,2215.42,9,48,3.35,3,0,0,-0.10116832198743204,-0.9948693233918952,0.49999999999999994,-0.8660254037844387,0.43388373911755823,-0.900968867902419,625.0,35.54,442.0,24.5,466.0,27.65,442.0,470.3333333333333,156.01709308064068,415.14285714285717,126.46136244116695,423.2857142857143,106.14100097470383,625.0,234.0,0,0,0,0,0.0,0.0,19,405.6046511627907,82.89641830819832,0,1,1181,393.6666666666667,26.502963590177814,2024-20,401.9047619047619,2,1,0,410.0973154362416,-97.09731543624162,-23.67665229238436,502.8914728682171,-189.89147286821708,-5.89765100671141
2024-05-16,2024,5,16,Thursday,20,Lunch,Biryani,4.8,Cloudy,20.6,True,False,False,False,True,False,800,507,60.63,195.19,151.43,43.77,22.42,121.84,23783.52,5332.75,8,60,4.74,3,0,0,-0.10116832198743204,-0.9948693233918952,0.49999999999999994,-0.8660254037844387,0.43388373911755823,-0.900968867902419,603.0,47.92,639.0,40.57,633.0,40.4,639.0,579.6666666666666,64.25988899253849,503.42857142857144,89.68994210214265,514.0,94.88130236491038,629.0,370.0,0,0,0,0,0.0,0.0,19,606.7209302325581,110.13462013143287,1,0,1181,393.6666666666667,42.929720575783236,2024-20,401.9047619047619,2,1,0,506.33557046979865,0.6644295302013461,0.13122315889931682,502.8914728682171,4.108527131782921,-5.89765100671141
2024-05-17,2024,5,17,Friday,20,Breakfast,Paratha-Curry,3.7,Rainy,29.1,True,False,False,False,True,False,800,302,39.82,116.27,92.32,23.95,20.6,144.15,16760.06,3452.33,12,65,3.9,4,0,1,-0.2993631229733582,-0.9541392564000488,0.49999999999999994,-0.8660254037844387,-0.433883739117558,-0.9009688679024191,361.0,20.42,394.0,32.36,387.0,24.98,394.0,362.6666666666667,61.516935337623714,360.14285714285717,65.53225305508873,383.5,58.653808322812445,440.0,284.0,0,0,0,0,0.0,29.1,19,367.85714285714283,69.70270367033623,0,0,1120,373.3333333333333,26.96428571428571,2024-20,401.9047619047619,2,1,0,400.19463087248323,-98.19463087248323,-24.536718710694462,432.13492063492066,-130.13492063492066,2.60234899328859
2024-05-17,2024,5,17,Friday,20,Dinner,Noodles,4.2,Rainy,29.1,True,False,False,False,True,False,800,369,46.77,142.07,122.51,19.56,13.77,116.49,16548.81,2278.18,11,64,4.11,4,0,1,-0.2993631229733582,-0.9541392564000488,0.49999999999999994,-0.8660254037844387,-0.433883739117558,-0.9009688679024191,313.0,22.98,464.0,28.23,510.0,31.4,464.0,435.6666666666667,166.34101518667396,401.57142857142856,125.43770983089198,413.2142857142857,103.9468640674193,625.0,234.0,0,0,0,0,0.0,29.1,19,427.35714285714283,84.50424189917749,0,0,1120,373.3333333333333,32.94642857142857,2024-20,401.9047619047619,2,1,0,410.0973154362416,-41.097315436241615,-10.021356855878045,432.13492063492066,-63.13492063492066,2.60234899328859
2024-05-17,2024,5,17,Friday,20,Lunch,Chole-Bhature,4.5,Rainy,29.1,True,False,False,False,True,False,800,449,55.79,172.86,145.72,27.15,15.7,137.29,23732.08,3726.93,9,64,4.59,4,0,1,-0.2993631229733582,-0.9541392564000488,0.49999999999999994,-0.8660254037844387,-0.433883739117558,-0.9009688679024191,507.0,43.77,501.0,34.21,654.0,51.02,501.0,519.6666666666666,77.77746031681265,496.0,92.04708939812627,499.35714285714283,87.1140782960059,629.0,370.0,0,0,0,0,0.0,29.1,19,501.1904761904762,97.64825828507733,1,0,1120,373.3333333333333,40.089285714285715,2024-20,401.9047619047619,2,1,0,506.33557046979865,-57.335570469798654,-11.323630772493505,432.13492063492066,16.86507936507934,2.60234899328859
2024-05-18,2024,5,18,Saturday,20,Breakfast,Bread-Omelette,3.9,Sunny,31.5,True,False,True,False,True,False,800,259,31.81,99.72,82.42,17.3,17.35,131.46,13109.02,2274.22,9,85,4.09,5,0,0,-0.4853019625310808,-0.8743466161445822,0.49999999999999994,-0.8660254037844387,-0.9749279121818236,-0.2225209339563146,302.0,23.95,284.0,21.25,326.0,25.87,284.0,307.3333333333333,51.208723215223436,356.57142857142856,70.83985964332305,378.7142857142857,65.98184898594754,440.0,259.0,1,0,0,0,3.9,0.0,19,320.9761904761905,53.05978592771122,0,0,860,286.6666666666667,30.116279069767444,2024-20,401.9047619047619,3,1,0,400.19463087248323,-141.19463087248323,-35.28149054990022,361.4761904761905,-102.47619047619048,5.002348993288589
2024-05-18,2024,5,18,Saturday,20,Dinner,Roti-Paneer,4.0,Sunny,31.5,True,False,True,False,True,False,800,267,34.71,102.8,86.78,16.02,15.58,102.31,10517.1,1638.94,11,71,3.92,5,0,0,-0.4853019625310808,-0.8743466161445822,0.49999999999999994,-0.8660254037844387,-0.9749279121818236,-0.2225209339563146,369.0,19.56,364.0,20.96,322.0,17.64,364.0,316.3333333333333,51.0816340119744,387.7142857142857,135.25372981389992,409.2857142857143,108.59482107741218,625.0,234.0,1,0,0,0,4.0,0.0,39,468.32941176470587,145.08555671570826,0,0,860,286.6666666666667,31.046511627906977,2024-20,401.9047619047619,3,1,0,410.0973154362416,-143.09731543624162,-34.89350211522883,361.4761904761905,-94.47619047619048,5.002348993288589
2024-05-18,2024,5,18,Saturday,20,Lunch,Fried Rice,4.2,Sunny,31.5,True,False,True,False,True,False,800,334,40.77,128.59,105.86,22.73,17.67,83.28,10709.22,1892.76,10,86,4.29,5,0,0,-0.4853019625310808,-0.8743466161445822,0.49999999999999994,-0.8660254037844387,-0.9749279121818236,-0.2225209339563146,449.0,27.15,370.0,20.68,396.0,25.21,370.0,430.0,88.0511215147202,490.85714285714283,100.84547349191983,494.92857142857144,94.07072976118663,629.0,334.0,1,0,0,0,4.2,0.0,19,414.14285714285717,69.65159687857265,0,0,860,286.6666666666667,38.83720930232558,2024-20,401.9047619047619,3,1,0,506.33557046979865,-172.33557046979865,-34.03584115370341,361.4761904761905,-27.47619047619048,5.002348993288589
2024-05-19,2024,5,19,Sunday,20,Breakfast,Puri-Bhaji,4.3,Sunny,26.5,True,False,True,False,True,False,800,239,31.06,92.02,77.41,14.6,15.87,113.15,10411.16,1652.14,9,64,4.45,6,0,0,-0.651372482722222,-0.7587581226927911,0.49999999999999994,-0.8660254037844387,-0.7818314824680299,0.6234898018587334,259.0,17.3,300.0,20.89,411.0,31.34,300.0,266.6666666666667,32.192131543800485,347.85714285714283,81.85440035296114,366.42857142857144,74.91607025476955,440.0,239.0,1,0,0,0,4.3,0.0,19,316.2857142857143,54.82089939478339,1,0,770,256.6666666666667,31.038961038961038,2024-20,401.9047619047619,3,1,0,400.19463087248323,-161.19463087248323,-40.27905884720522,334.6984126984127,-95.69841269841271,0.00234899328858873
2024-05-19,2024,5,19,Sunday,20,Dinner,Khichdi,3.0,Sunny,26.5,True,False,True,False,True,False,800,199,25.82,76.61,62.1,14.51,18.94,117.1,8971.57,1699.29,11,60,3.26,6,0,0,-0.651372482722222,-0.7587581226927911,0.49999999999999994,-0.8660254037844387,-0.7818314824680299,0.6234898018587334,267.0,16.02,234.0,14.55,310.0,18.04,234.0,278.3333333333333,85.56479026640163,382.7142857142857,142.34431763124502,401.35714285714283,119.86826560395835,625.0,199.0,1,0,0,0,3.0,0.0,19,265.14285714285717,46.54165269454953,0,1,770,256.6666666666667,25.844155844155843,2024-20,401.9047619047619,3,1,0,410.0973154362416,-211.09731543624162,-51.47493228812935,334.6984126984127,-135.6984126984127,0.00234899328858873
2024-05-19,2024,5,19,Sunday,20,Lunch,Rice-Chicken,4.7,Sunny,26.5,True,False,True,False,True,False,800,332,40.32,127.82,100.45,27.37,21.41,112.41,14368.47,3077.01,8,80,4.53,6,0,0,-0.651372482722222,-0.7587581226927911,0.49999999999999994,-0.8660254037844387,-0.7818314824680299,0.6234898018587334,334.0,22.73,442.0,31.61,411.0,28.26,442.0,371.6666666666667,66.9800965461632,475.14285714285717,117.0034594523149,489.2857142857143,101.56349175339959,629.0,332.0,1,0,0,0,4.7,0.0,19,422.6666666666667,73.28350117670038,1,0,770,256.6666666666667,43.116883116883116,2024-20,401.9047619047619,3,1,0,506.33557046979865,-174.33557046979865,-34.430836116854884,334.6984126984127,-2.69841269841271,0.00234899328858873
2024-05-20,2024,5,20,Monday,21,Breakfast,Idli-Sambar,3.9,Sunny,28.9,True,False,False,False,True,False,800,404,43.38,155.54,121.31,34.23,22.01,111.49,17340.39,3816.35,10,50,4.02,0,1,0,-0.7907757369376986,-0.6121059825476627,0.49999999999999994,-0.8660254037844387,0.0,1.0,239.0,14.6,409.0,30.86,435.0,26.66,409.0,300.6666666666667,90.04628439493416,347.14285714285717,81.25152013229976,364.2142857142857,73.1712202476319,440.0,239.0,0,0,0,0,0.0,0.0,20,457.4418604651163,63.9487526687177,0,0,1133,377.6666666666667,35.65754633715799,2024-21,343.23809523809524,2,1,0,400.19463087248323,3.8053691275167694,0.9508796055610502,459.8062015503876,-55.806201550387584,2.4023489932885873
2024-05-20,2024,5,20,Monday,21,Dinner,Roti-Dal,3.3,Sunny,28.9,True,False,False,False,True,False,800,321,41.31,123.59,95.94,27.64,22.37,85.09,10516.45,2352.29,12,87,3.61,0,1,0,-0.7907757369376986,-0.6121059825476627,0.49999999999999994,-0.8660254037844387,0.0,1.0,199.0,14.51,433.0,23.06,402.0,26.15,433.0,262.3333333333333,61.133733186623715,366.7142857142857,142.04425869626496,395.57142857142856,121.7745169033036,625.0,199.0,0,0,0,0,0.0,0.0,20,427.6744186046512,62.5028460038621,0,0,1133,377.6666666666667,28.331862312444837,2024-21,343.23809523809524,2,1,0,410.0973154362416,-89.09731543624162,-21.725895801454886,459.8062015503876,-138.80620155038758,2.4023489932885873
2024-05-20,2024,5,20,Monday,21,Lunch,Rice-Dal-Sabzi,3.4,Sunny,28.9,True,False,False,False,True,False,800,408,47.79,157.08,133.22,23.86,15.19,83.61,13133.08,1994.55,11,88,3.7,0,1,0,-0.7907757369376986,-0.6121059825476627,0.49999999999999994,-0.8660254037844387,0.0,1.0,332.0,27.37,472.0,33.5,475.0,32.12,472.0,358.0,43.31281565541548,466.0,119.75808949711903,484.5,103.8414101480641,629.0,332.0,0,0,0,0,0.0,0.0,20,494.30232558139534,69.65374733833367,0,0,1133,377.6666666666667,36.01059135039718,2024-21,343.23809523809524,2,1,0,506.33557046979865,-98.33557046979865,-19.421027517098775,459.8062015503876,-51.806201550387584,2.4023489932885873
2024-05-21,2024,5,21,Tuesday,21,Breakfast,Poha,3.7,Sunny,31.6,True,False,False,False,True,False,800,335,43.44,128.97,109.86,19.12,14.82,103.31,13324.09,1975.02,8,58,4.06,1,0,0,-0.8978045395707417,-0.44039415155763423,0.49999999999999994,-0.8660254037844387,0.7818314824680298,0.6234898018587336,404.0,34.23,440.0,25.11,423.0,35.34,440.0,326.0,82.86736390159902,332.14285714285717,70.191235377428,357.92857142857144,71.49337170536985,425.0,239.0,0,0,0,0,0.0,0.0,20,435.7906976744186,71.04142257113264,0,0,1056,352.0,31.72348484848485,2024-21,343.23809523809524,2,1,0,400.19463087248323,-65.19463087248323,-16.29073102014121,506.13953488372096,-171.13953488372096,5.10234899328859
2024-05-21,2024,5,21,Tuesday,21,Dinner,Rice-Rajma,3.8,Sunny,31.6,True,False,False,False,True,False,800,348,47.44,133.98,112.1,21.88,16.33,107.76,14438.25,2357.68,9,80,3.85,1,0,0,-0.8978045395707417,-0.44039415155763423,0.49999999999999994,-0.8660254037844387,0.7818314824680298,0.6234898018587336,321.0,27.64,473.0,32.49,494.0,39.89,473.0,289.3333333333333,79.38723658960109,348.85714285714283,134.09005502699625,385.14285714285717,118.91487397608118,625.0,199.0,0,0,0,0,0.0,0.0,20,498.04651162790697,86.12475820364762,0,0,1056,352.0,32.95454545454545,2024-21,343.23809523809524,2,1,0,410.0973154362416,-62.097315436241615,-15.142092644567914,506.13953488372096,-158.13953488372096,5.10234899328859
2024-05-21,2024,5,21,Tuesday,21,Lunch,Roti-Paneer,4.0,Sunny,31.6,True,False,False,False,True,False,800,373,55.79,143.6,123.53,20.08,13.98,88.21,12667.7,1771.09,11,60,4.16,1,0,0,-0.8978045395707417,-0.44039415155763423,0.49999999999999994,-0.8660254037844387,0.7818314824680298,0.6234898018587336,408.0,23.86,629.0,40.47,595.0,48.18,629.0,371.0,38.03945320322055,429.42857142857144,98.9694517563492,468.64285714285717,102.61249522267832,603.0,332.0,0,0,0,0,0.0,0.0,40,468.32941176470587,145.08555671570826,0,0,1056,352.0,35.321969696969695,2024-21,343.23809523809524,2,1,0,506.33557046979865,-133.33557046979865,-26.333439372249618,506.13953488372096,-133.13953488372096,5.10234899328859
2024-05-22,2024,5,22,Wednesday,21,Breakfast,Upma,3.5,Sunny,22.4,True,False,False,False,True,False,800,315,40.7,121.28,98.85,22.42,18.49,125.41,15209.16,2811.97,10,61,3.66,2,0,0,-0.9680771188662041,-0.2506525322587213,0.49999999999999994,-0.8660254037844387,0.9749279121818236,-0.22252093395631434,335.0,19.12,425.0,30.3,394.0,25.25,425.0,351.3333333333333,46.69403959108031,316.42857142857144,57.01420040322422,352.2857142857143,71.5449601207611,404.0,239.0,0,0,0,0,0.0,0.0,20,402.1162790697674,78.48482088680939,0,1,1160,386.6666666666667,27.155172413793103,2024-21,343.23809523809524,2,1,0,400.19463087248323,-85.19463087248323,-21.28829931744621,470.6046511627907,-155.60465116279067,-4.097651006711413
2024-05-22,2024,5,22,Wednesday,21,Dinner,Paratha-Paneer,4.1,Sunny,22.4,True,False,False,False,True,False,800,442,48.84,170.17,137.23,32.94,19.36,108.98,18544.29,3589.66,12,59,4.25,2,0,0,-0.9680771188662041,-0.2506525322587213,0.49999999999999994,-0.8660254037844387,0.9749279121818236,-0.22252093395631434,348.0,21.88,625.0,35.54,540.0,29.22,625.0,370.3333333333333,63.516402081142,322.7142857142857,76.93875115032385,378.14285714285717,111.76751774097,442.0,199.0,0,0,0,0,0.0,0.0,20,493.16279069767444,94.51730258140397,0,0,1160,386.6666666666667,38.103448275862064,2024-21,343.23809523809524,2,1,0,410.0973154362416,31.902684563758385,7.779296123853398,470.6046511627907,-28.604651162790674,-4.097651006711413
2024-05-22,2024,5,22,Wednesday,21,Lunch,Rice-Sambar,3.6,Sunny,22.4,True,False,False,False,True,False,800,403,50.41,155.16,132.34,22.81,14.7,112.62,17473.6,2568.92,11,65,3.98,2,0,0,-0.9680771188662041,-0.2506525322587213,0.49999999999999994,-0.8660254037844387,0.9749279121818236,-0.22252093395631434,373.0,20.08,603.0,47.92,502.0,39.57,603.0,394.6666666666667,18.929694486001218,400.85714285714283,62.751968286337146,461.57142857142856,103.54390691557214,507.0,332.0,0,0,0,0,0.0,0.0,20,516.5348837209302,108.15494811506254,0,0,1160,386.6666666666667,34.741379310344826,2024-21,343.23809523809524,2,1,0,506.33557046979865,-103.33557046979865,-20.408514924977467,470.6046511627907,-67.60465116279067,-4.097651006711413
2024-05-23,2024,5,23,Thursday,21,Breakfast,Dosa,4.6,Sunny,29.0,True,False,False,False,True,False,800,379,48.34,145.92,120.09,25.82,17.7,120.88,17638.53,3121.52,11,63,4.34,3,0,0,-0.9987165071710528,-0.05064916883871355,0.49999999999999994,-0.8660254037844387,0.43388373911755823,-0.900968867902419,315.0,22.42,361.0,20.42,465.0,36.84,361.0,343.0,32.74141108749041,319.0,59.70203793283192,346.14285714285717,64.46448890412694,404.0,239.0,0,0,0,0,0.0,0.0,20,496.3488372093023,101.6197121205963,1,0,1158,386.0,32.72884283246977,2024-21,343.23809523809524,2,1,0,400.19463087248323,-21.19463087248323,-5.296080766070203,502.8914728682171,-123.89147286821708,2.5023489932885887
2024-05-23,2024,5,23,Thursday,21,Dinner,Rice-Curd-Pickle,3.2,Sunny,29.0,True,False,False,False,True,False,800,262,39.91,100.87,86.6,14.27,14.15,103.63,10453.11,1479.15,11,86,3.62,3,0,0,-0.9987165071710528,-0.05064916883871355,0.49999999999999994,-0.8660254037844387,0.43388373911755823,-0.900968867902419,442.0,32.94,313.0,22.98,442.0,24.5,313.0,350.6666666666667,90.0296247539292,315.42857142857144,80.35101563941645,365.2857142857143,114.18367697666825,442.0,199.0,0,0,0,0,0.0,0.0,20,405.6046511627907,82.89641830819832,0,1,1158,386.0,22.625215889464595,2024-21,343.23809523809524,2,1,0,410.0973154362416,-148.09731543624162,-36.112724922059755,502.8914728682171,-240.89147286821708,2.5023489932885887
2024-05-23,2024,5,23,Thursday,21,Lunch,Biryani,4.8,Sunny,29.0,True,False,False,False,True,False,800,517,60.63,199.05,159.78,39.27,19.73,106.59,21215.96,4185.59,9,76,4.66,3,0,0,-0.9987165071710528,-0.05064916883871355,0.49999999999999994,-0.8660254037844387,0.43388373911755823,-0.900968867902419,403.0,22.81,507.0,43.77,639.0,40.57,507.0,431.0,75.97367965289044,402.2857142857143,65.61939318452053,452.85714285714283,91.94718981179207,517.0,332.0,0,0,0,0,0.0,0.0,20,606.7209302325581,110.13462013143287,1,0,1158,386.0,44.645941278065635,2024-21,343.23809523809524,2,1,0,506.33557046979865,10.664429530201346,2.1061979746566997,502.8914728682171,14.108527131782921,2.5023489932885887
2024-05-24,2024,5,24,Friday,21,Breakfast,Paratha-Curry,3.7,Sunny,28.7,True,False,False,False,True,False,800,306,36.2,117.81,98.88,18.93,16.07,104.65,12329.09,1980.76,9,79,3.86,4,0,1,-0.9884683243281114,0.15142777750457667,0.49999999999999994,-0.8660254037844387,-0.433883739117558,-0.9009688679024191,379.0,25.82,302.0,23.95,394.0,32.36,302.0,333.3333333333333,39.803684921541766,319.57142857142856,59.53110431490708,339.85714285714283,63.72519987337089,404.0,239.0,0,0,0,0,0.0,0.0,20,367.85714285714283,69.70270367033623,0,0,1034,344.6666666666667,29.593810444874276,2024-21,343.23809523809524,2,1,0,400.19463087248323,-94.19463087248323,-23.53720505123346,432.13492063492066,-126.13492063492066,2.202348993288588
2024-05-24,2024,5,24,Friday,21,Dinner,Noodles,4.2,Sunny,28.7,True,False,False,False,True,False,800,371,42.51,142.84,121.37,21.47,15.03,146.16,20877.22,3137.85,8,45,4.18,4,0,1,-0.9884683243281114,0.15142777750457667,0.49999999999999994,-0.8660254037844387,-0.433883739117558,-0.9009688679024191,262.0,14.27,369.0,19.56,464.0,28.23,369.0,358.3333333333333,90.66605391949791,315.7142857142857,80.57649426831289,358.64285714285717,110.64955569646094,442.0,199.0,0,0,0,0,0.0,0.0,20,427.35714285714283,84.50424189917749,0,0,1034,344.6666666666667,35.88007736943907,2024-21,343.23809523809524,2,1,0,410.0973154362416,-39.097315436241615,-9.533667733145677,432.13492063492066,-61.13492063492066,2.202348993288588
2024-05-24,2024,5,24,Friday,21,Lunch,Chole-Bhature,4.5,Sunny,28.7,True,False,False,False,True,False,800,357,50.72,137.44,117.66,19.78,14.39,117.95,16211.58,2333.14,8,78,4.22,4,0,1,-0.9884683243281114,0.15142777750457667,0.49999999999999994,-0.8660254037844387,-0.433883739117558,-0.9009688679024191,517.0,39.27,449.0,27.15,501.0,34.21,449.0,425.6666666666667,82.37313477908528,389.14285714285717,63.8942578834446,442.57142857142856,94.17472655059386,517.0,332.0,0,0,0,0,0.0,0.0,20,501.1904761904762,97.64825828507733,1,0,1034,344.6666666666667,34.52611218568665,2024-21,343.23809523809524,2,1,0,506.33557046979865,-149.33557046979865,-29.49339907746143,432.13492063492066,-75.13492063492066,2.202348993288588
2024-05-25,2024,5,25,Saturday,21,Breakfast,Bread-Omelette,3.9,Cloudy,29.0,True,False,True,False,True,False,800,245,31.81,94.33,74.87,19.45,20.62,129.5,12215.26,2519.19,8,58,4.01,5,0,0,-0.9377521321470804,0.3473052528448203,0.49999999999999994,-0.8660254037844387,-0.9749279121818236,-0.2225209339563146,306.0,18.93,259.0,17.3,284.0,21.25,259.0,310.0,67.08949247087828,317.57142857142856,62.085578418977576,337.07142857142856,67.1169636767545,404.0,239.0,1,0,0,0,3.9,0.0,20,320.9761904761905,53.05978592771122,0,0,914,304.6666666666667,26.805251641137858,2024-21,343.23809523809524,3,1,0,400.19463087248323,-155.19463087248323,-38.77978835801372,361.4761904761905,-116.47619047619048,2.5023489932885887
2024-05-25,2024,5,25,Saturday,21,Dinner,Roti-Paneer,4.0,Cloudy,29.0,True,False,True,False,True,False,800,327,34.71,125.89,97.46,28.43,22.58,117.25,14761.8,3333.84,11,45,3.86,5,0,0,-0.9377521321470804,0.3473052528448203,0.49999999999999994,-0.8660254037844387,-0.9749279121818236,-0.2225209339563146,371.0,21.47,267.0,16.02,364.0,20.96,267.0,320.0,54.83611948342049,324.2857142857143,77.66963002726006,356.0,110.95321259258527,442.0,199.0,1,0,0,0,4.0,0.0,41,468.32941176470587,145.08555671570826,0,0,914,304.6666666666667,35.776805251641136,2024-21,343.23809523809524,3,1,0,410.0973154362416,-83.09731543624162,-20.26282843325778,361.4761904761905,-34.47619047619048,2.5023489932885887
2024-05-25,2024,5,25,Saturday,21,Lunch,Fried Rice,4.2,Cloudy,29.0,True,False,True,False,True,False,800,342,40.77,131.67,106.21,25.46,19.33,123.25,16228.13,3137.63,12,75,4.29,5,0,0,-0.9377521321470804,0.3473052528448203,0.49999999999999994,-0.8660254037844387,-0.9749279121818236,-0.2225209339563146,357.0,19.78,334.0,22.73,370.0,20.68,334.0,405.3333333333333,96.9965635130098,390.2857142857143,62.80582320590473,440.57142857142856,96.11188534980735,517.0,332.0,1,0,0,0,4.2,0.0,20,414.14285714285717,69.65159687857265,0,0,914,304.6666666666667,37.41794310722101,2024-21,343.23809523809524,3,1,0,506.33557046979865,-164.33557046979865,-32.45586130109751,361.4761904761905,-19.47619047619048,2.5023489932885887
2024-05-26,2024,5,26,Sunday,21,Breakfast,Puri-Bhaji,4.3,Cloudy,28.5,True,False,True,False,True,False,800,252,31.06,97.02,79.7,17.32,17.86,100.07,9708.62,1733.66,12,89,4.36,6,0,0,-0.8486442574947509,0.5289640103269624,0.49999999999999994,-0.8660254037844387,-0.7818314824680299,0.6234898018587334,245.0,19.45,239.0,14.6,300.0,20.89,239.0,267.6666666666667,33.38163167571888,319.42857142857144,59.48349110707678,333.64285714285717,70.30658918989351,404.0,245.0,1,0,0,0,4.3,0.0,20,316.2857142857143,54.82089939478339,1,0,753,251.0,33.46613545816733,2024-21,343.23809523809524,3,1,0,400.19463087248323,-148.19463087248323,-37.03063945395697,334.6984126984127,-82.69841269841271,2.0023489932885887
2024-05-26,2024,5,26,Sunday,21,Dinner,Khichdi,3.0,Cloudy,28.5,True,False,True,False,True,False,800,191,25.82,73.53,58.43,15.1,20.54,123.38,9073.09,1863.31,10,67,3.27,6,0,0,-0.8486442574947509,0.5289640103269624,0.49999999999999994,-0.8660254037844387,-0.7818314824680299,0.6234898018587334,327.0,28.43,199.0,14.51,234.0,14.55,199.0,296.3333333333333,93.83673765286866,323.14285714285717,79.84866638716989,352.92857142857144,115.10761806354857,442.0,191.0,1,0,0,0,3.0,0.0,20,265.14285714285717,46.54165269454953,0,1,753,251.0,25.36520584329349,2024-21,343.23809523809524,3,1,0,410.0973154362416,-219.09731543624162,-53.425688779058824,334.6984126984127,-143.6984126984127,2.0023489932885887
2024-05-26,2024,5,26,Sunday,21,Lunch,Rice-Chicken,4.7,Cloudy,28.5,True,False,True,False,True,False,800,310,40.32,119.35,100.97,18.38,15.4,143.68,17148.7,2640.64,8,51,4.58,6,0,0,-0.8486442574947509,0.5289640103269624,0.49999999999999994,-0.8660254037844387,-0.7818314824680299,0.6234898018587334,342.0,25.46,332.0,27.37,442.0,31.61,332.0,336.3333333333333,24.006943440041017,387.14285714285717,66.64190016155592,431.14285714285717,102.24018263410407,517.0,310.0,1,0,0,0,4.7,0.0,20,422.6666666666667,73.28350117670038,1,0,753,251.0,41.168658698539176,2024-21,343.23809523809524,3,1,0,506.33557046979865,-196.33557046979865,-38.77578071152113,334.6984126984127,-24.69841269841271,2.0023489932885887
2024-05-27,2024,5,27,Monday,22,Breakfast,Idli-Sambar,3.9,Sunny,30.5,True,False,False,False,True,False,800,323,43.38,124.36,100.31,24.05,19.34,108.42,13482.81,2607.02,12,60,4.23,0,1,0,-0.72479278722912,0.6889669190756865,0.49999999999999994,-0.8660254037844387,0.0,1.0,252.0,17.32,404.0,34.23,409.0,30.86,404.0,273.3333333333333,43.15476026272604,307.85714285714283,46.8203252566961,327.5,66.88997855261427,379.0,245.0,0,0,0,0,0.0,0.0,21,457.4418604651163,63.9487526687177,0,0,1024,341.3333333333333,31.54296875,2024-22,382.14285714285717,2,1,0,400.19463087248323,-77.19463087248323,-19.28927199852421,459.8062015503876,-136.80620155038758,4.002348993288589
2024-05-27,2024,5,27,Monday,22,Dinner,Roti-Dal,3.3,Sunny,30.5,True,False,False,False,True,False,800,317,41.31,122.05,101.52,20.53,16.82,82.22,10034.29,1687.68,11,69,3.53,0,1,0,-0.72479278722912,0.6889669190756865,0.49999999999999994,-0.8660254037844387,0.0,1.0,191.0,15.1,321.0,27.64,433.0,23.06,321.0,278.3333333333333,75.79797710581265,322.57142857142856,79.88086367179821,344.64285714285717,113.05724019468902,442.0,191.0,0,0,0,0,0.0,0.0,21,427.6744186046512,62.5028460038621,0,0,1024,341.3333333333333,30.95703125,2024-22,382.14285714285717,2,1,0,410.0973154362416,-93.09731543624162,-22.70127404691962,459.8062015503876,-142.80620155038758,4.002348993288589
2024-05-27,2024,5,27,Monday,22,Lunch,Rice-Dal-Sabzi,3.4,Sunny,30.5,True,False,False,False,True,False,800,384,47.79,147.84,117.28,30.56,20.67,127.88,18906.21,3908.67,8,86,3.88,0,1,0,-0.72479278722912,0.6889669190756865,0.49999999999999994,-0.8660254037844387,0.0,1.0,310.0,18.38,408.0,23.86,472.0,33.5,408.0,345.3333333333333,37.11244175924471,383.7142857142857,66.00432886236595,424.85714285714283,102.24018263410407,517.0,310.0,0,0,0,0,0.0,0.0,21,494.30232558139534,69.65374733833367,0,0,1024,341.3333333333333,37.5,2024-22,382.14285714285717,2,1,0,506.33557046979865,-122.33557046979865,-24.160967074916496,459.8062015503876,-75.80620155038758,4.002348993288589
2024-05-28,2024,5,28,Tuesday,22,Breakfast,Poha,3.7,Sunny,29.4,True,False,False,False,True,False,800,356,43.44,137.06,113.84,23.22,16.94,129.2,17708.04,2999.5,8,76,4.02,1,0,0,-0.5712682150947924,0.8207634412072763,0.49999999999999994,-0.8660254037844387,0.7818314824680298,0.6234898018587336,323.0,24.05,335.0,19.12,440.0,25.11,335.0,310.3333333333333,53.14445722117564,310.85714285714283,49.44838578905097,321.5,59.36685166760184,379.0,245.0,0,0,0,0,0.0,0.0,21,435.7906976744186,71.04142257113264,0,0,1202,400.6666666666667,29.61730449251248,2024-22,382.14285714285717,2,1,0,400.19463087248323,-44.19463087248323,-11.043284307970955,506.13953488372096,-150.13953488372096,2.9023489932885873
2024-05-28,2024,5,28,Tuesday,22,Dinner,Rice-Rajma,3.8,Sunny,29.4,True,False,False,False,True,False,800,363,47.44,139.75,110.91,28.84,20.64,143.09,19997.42,4127.16,12,75,3.83,1,0,0,-0.5712682150947924,0.8207634412072763,0.49999999999999994,-0.8660254037844387,0.7818314824680298,0.6234898018587336,317.0,20.53,348.0,21.88,473.0,32.49,348.0,290.3333333333333,89.04680417248728,324.7142857142857,80.87173854467409,336.7857142857143,107.11688696245577,442.0,191.0,0,0,0,0,0.0,0.0,21,498.04651162790697,86.12475820364762,0,0,1202,400.6666666666667,30.199667221297837,2024-22,382.14285714285717,2,1,0,410.0973154362416,-47.097315436241615,-11.484424224075152,506.13953488372096,-143.13953488372096,2.9023489932885873
2024-05-28,2024,5,28,Tuesday,22,Lunch,Roti-Paneer,4.0,Sunny,29.4,True,False,False,False,True,False,800,483,55.79,185.95,154.59,31.36,16.86,103.19,19188.5,3236.04,8,78,4.26,1,0,0,-0.5712682150947924,0.8207634412072763,0.49999999999999994,-0.8660254037844387,0.7818314824680298,0.6234898018587336,384.0,30.56,373.0,20.08,629.0,40.47,373.0,392.3333333333333,86.80053763274361,399.42857142857144,75.44723795001147,414.42857142857144,85.96664316037788,517.0,310.0,0,0,0,0,0.0,0.0,42,468.32941176470587,145.08555671570826,0,0,1202,400.6666666666667,40.18302828618968,2024-22,382.14285714285717,2,1,0,506.33557046979865,-23.335570469798654,-4.608716398918403,506.13953488372096,-23.139534883720955,2.9023489932885873
2024-05-29,2024,5,29,Wednesday,22,Breakfast,Upma,3.5,Rainy,27.2,True,False,False,False,True,False,800,329,44.77,126.67,105.76,20.91,16.51,99.63,12619.14,2082.81,12,81,3.8,2,0,0,-0.3943558551133187,0.9189578116202306,0.49999999999999994,-0.8660254037844387,0.9749279121818236,-0.22252093395631434,356.0,23.22,315.0,22.42,425.0,30.3,315.0,336.0,17.57839583124809,312.85714285714283,49.92470521171009,314.64285714285717,51.51789404268546,379.0,245.0,0,0,0,0,0.0,27.2,21,402.1162790697674,78.48482088680939,0,1,1197,399.0,27.485380116959064,2024-22,382.14285714285717,2,1,0,400.19463087248323,-71.19463087248323,-17.790001509332708,470.6046511627907,-141.60465116279067,0.702348993288588
2024-05-29,2024,5,29,Wednesday,22,Dinner,Paratha-Paneer,4.1,Rainy,27.2,True,False,False,False,True,False,800,441,53.72,169.78,142.81,26.98,15.89,129.89,22053.34,3503.97,11,49,4.05,2,0,0,-0.3943558551133187,0.9189578116202306,0.49999999999999994,-0.8660254037844387,0.9749279121818236,-0.22252093395631434,363.0,28.84,442.0,32.94,625.0,35.54,442.0,373.6666666666667,62.68439465555442,324.57142857142856,80.63055075023205,323.64285714285717,75.72074925759736,441.0,191.0,0,0,0,0,0.0,27.2,21,493.16279069767444,94.51730258140397,0,0,1197,399.0,36.84210526315789,2024-22,382.14285714285717,2,1,0,410.0973154362416,30.902684563758385,7.535451562487213,470.6046511627907,-29.604651162790674,0.702348993288588
2024-05-29,2024,5,29,Wednesday,22,Lunch,Rice-Sambar,3.6,Rainy,27.2,True,False,False,False,True,False,800,427,55.45,164.4,129.71,34.68,21.1,139.53,22938.02,4839.18,8,58,3.83,2,0,0,-0.3943558551133187,0.9189578116202306,0.49999999999999994,-0.8660254037844387,0.9749279121818236,-0.22252093395631434,483.0,31.36,403.0,22.81,603.0,47.92,403.0,431.3333333333333,49.642052066099666,402.85714285714283,76.17836213218814,401.85714285714283,67.05893750202956,517.0,310.0,0,0,0,0,0.0,27.2,21,516.5348837209302,108.15494811506254,0,0,1197,399.0,35.67251461988304,2024-22,382.14285714285717,2,1,0,506.33557046979865,-79.33557046979865,-15.668575367159749,470.6046511627907,-43.604651162790674,0.702348993288588
2024-05-30,2024,5,30,Thursday,22,Breakfast,Dosa,4.6,Sunny,30.3,True,False,False,False,True,False,800,357,48.34,137.44,113.29,24.16,17.58,139.46,19168.21,3368.91,12,66,4.44,3,0,0,-0.20129852008866114,0.9795299412524943,0.49999999999999994,-0.8660254037844387,0.43388373911755823,-0.900968867902419,329.0,20.91,379.0,25.82,361.0,20.42,379.0,347.3333333333333,15.885003409926483,309.7142857142857,45.56941330071508,314.35714285714283,51.25142721143238,357.0,245.0,0,0,0,0,0.0,0.0,21,496.3488372093023,101.6197121205963,1,0,1228,409.3333333333333,29.07166123778502,2024-22,382.14285714285717,2,1,0,400.19463087248323,-43.19463087248323,-10.793405893105705,502.8914728682171,-145.89147286821708,3.8023489932885894
2024-05-30,2024,5,30,Thursday,22,Dinner,Rice-Curd-Pickle,3.2,Sunny,30.3,True,False,False,False,True,False,800,353,39.91,135.91,109.29,26.61,19.58,86.84,11801.72,2311.14,9,49,3.44,3,0,0,-0.20129852008866114,0.9795299412524943,0.49999999999999994,-0.8660254037844387,0.43388373911755823,-0.900968867902419,441.0,26.98,262.0,14.27,313.0,22.98,262.0,385.6666666666667,48.18021724041206,337.57142857142856,76.0676390739567,326.5,76.04224534377676,441.0,191.0,0,0,0,0,0.0,0.0,21,405.6046511627907,82.89641830819832,0,1,1228,409.3333333333333,28.745928338762216,2024-22,382.14285714285717,2,1,0,410.0973154362416,-57.097315436241615,-13.922869837736993,502.8914728682171,-149.89147286821708,3.8023489932885894
2024-05-30,2024,5,30,Thursday,22,Lunch,Biryani,4.8,Sunny,30.3,True,False,False,False,True,False,800,518,60.63,199.43,167.52,31.91,16.0,135.33,26989.83,4319.0,8,77,4.75,3,0,0,-0.20129852008866114,0.9795299412524943,0.49999999999999994,-0.8660254037844387,0.43388373911755823,-0.900968867902419,427.0,34.68,517.0,39.27,507.0,43.77,517.0,476.0,45.902069670114294,403.0,76.4286159323409,402.64285714285717,68.4359410103933,518.0,310.0,0,0,0,0,0.0,0.0,21,606.7209302325581,110.13462013143287,1,0,1228,409.3333333333333,42.18241042345277,2024-22,382.14285714285717,2,1,0,506.33557046979865,11.664429530201346,2.303695456232438,502.8914728682171,15.108527131782921,3.8023489932885894
2024-05-31,2024,5,31,Friday,22,Breakfast,Paratha-Curry,3.7,Cloudy,29.2,True,False,False,False,True,False,800,332,36.2,127.82,109.87,17.95,14.05,107.77,13775.06,1934.95,10,46,3.93,4,0,1,-2.4492935982947064e-16,1.0,0.49999999999999994,-0.8660254037844387,-0.433883739117558,-0.9009688679024191,357.0,24.16,306.0,18.93,302.0,23.95,306.0,339.3333333333333,15.373136743468269,313.42857142857144,46.270426634648004,316.5,51.32213497567594,357.0,245.0,0,0,0,0,0.0,0.0,21,367.85714285714283,69.70270367033623,0,0,1017,339.0,32.64503441494592,2024-22,382.14285714285717,2,1,0,400.19463087248323,-68.19463087248323,-17.04036626473696,432.13492063492066,-100.13492063492066,2.702348993288588
2024-05-31,2024,5,31,Friday,22,Dinner,Noodles,4.2,Cloudy,29.2,True,False,False,False,True,False,800,306,42.51,117.81,95.06,22.75,19.31,93.0,10956.52,2116.18,12,87,4.16,4,0,1,-2.4492935982947064e-16,1.0,0.49999999999999994,-0.8660254037844387,-0.433883739117558,-0.9009688679024191,353.0,26.61,371.0,21.47,369.0,19.56,371.0,366.6666666666667,68.52979887124506,328.2857142857143,75.26999022566338,322.0,75.19308478843027,441.0,191.0,0,0,0,0,0.0,0.0,21,427.35714285714283,84.50424189917749,0,0,1017,339.0,30.08849557522124,2024-22,382.14285714285717,2,1,0,410.0973154362416,-104.09731543624162,-25.383564221947648,432.13492063492066,-126.13492063492066,2.702348993288588
2024-05-31,2024,5,31,Friday,22,Lunch,Chole-Bhature,4.5,Cloudy,29.2,True,False,False,False,True,False,800,379,50.72,145.92,123.15,22.77,15.6,111.54,16275.14,2539.59,9,67,4.45,4,0,1,-2.4492935982947064e-16,1.0,0.49999999999999994,-0.8660254037844387,-0.433883739117558,-0.9009688679024191,518.0,31.91,357.0,19.78,449.0,27.15,357.0,441.3333333333333,70.59981114233489,406.14285714285717,74.65348523105133,397.64285714285717,67.336819443357,518.0,310.0,0,0,0,0,0.0,0.0,21,501.1904761904762,97.64825828507733,1,0,1017,339.0,37.266470009832844,2024-22,382.14285714285717,2,1,0,506.33557046979865,-127.33557046979865,-25.148454482795184,432.13492063492066,-53.13492063492066,2.702348993288588
2024-06-01,2024,6,1,Saturday,22,Breakfast,Bread-Omelette,3.9,Cloudy,18.7,False,False,True,False,False,True,800,371,41.58,142.84,114.21,28.63,20.04,97.25,13890.92,2784.02,8,50,3.9,5,0,0,0.20129852008866006,0.9795299412524945,1.2246467991473532e-16,-1.0,-0.9749279121818236,-0.2225209339563146,332.0,17.95,245.0,19.45,259.0,17.3,245.0,353.3333333333333,19.756855350317707,331.42857142857144,39.17846833341445,324.5,50.39039896341635,371.0,252.0,0,0,0,0,3.9,0.0,21,320.9761904761905,53.05978592771122,0,0,1180,393.3333333333333,31.440677966101692,2024-22,382.14285714285717,1,1,0,400.19463087248323,-29.19463087248323,-7.295108084992203,361.4761904761905,9.523809523809518,-7.797651006711412
2024-06-01,2024,6,1,Saturday,22,Dinner,Roti-Paneer,4.0,Cloudy,18.7,False,False,True,False,False,True,800,361,45.38,138.99,108.74,30.24,21.76,80.36,11169.34,2430.3,10,73,4.01,5,0,0,0.20129852008866006,0.9795299412524945,1.2246467991473532e-16,-1.0,-0.9749279121818236,-0.2225209339563146,306.0,22.75,327.0,28.43,267.0,16.02,327.0,340.0,29.715315916206716,333.14285714285717,76.26364046610212,328.7142857142857,74.0929027758955,441.0,191.0,0,0,0,0,4.0,0.0,43,468.32941176470587,145.08555671570826,0,0,1180,393.3333333333333,30.593220338983052,2024-22,382.14285714285717,1,1,0,410.0973154362416,-49.097315436241615,-11.97211334680752,361.4761904761905,-0.4761904761904816,-7.797651006711412
2024-06-01,2024,6,1,Saturday,22,Lunch,Fried Rice,4.2,Cloudy,18.7,False,False,True,False,False,True,800,448,53.3,172.48,139.24,33.24,19.27,134.87,23262.78,4483.37,9,69,4.13,5,0,0,0.20129852008866006,0.9795299412524945,1.2246467991473532e-16,-1.0,-0.9749279121818236,-0.2225209339563146,379.0,22.77,342.0,25.46,334.0,22.73,342.0,448.3333333333333,69.50059951779807,421.2857142857143,70.08498242779771,405.7857142857143,65.92674089347337,518.0,310.0,0,0,0,0,4.2,0.0,21,414.14285714285717,69.65159687857265,0,0,1180,393.3333333333333,37.96610169491525,2024-22,382.14285714285717,1,1,0,506.33557046979865,-58.335570469798654,-11.521128254069243,361.4761904761905,86.52380952380952,-7.797651006711412
2024-06-02,2024,6,2,Sunday,22,Breakfast,Puri-Bhaji,4.3,Rainy,24.8,False,False,True,False,False,True,800,324,44.66,124.74,97.89,26.85,21.52,93.12,11615.47,2499.96,11,80,4.31,6,0,0,0.39435585511331855,0.9189578116202306,1.2246467991473532e-16,-1.0,-0.7818314824680299,0.6234898018587334,371.0,28.63,252.0,17.32,239.0,14.6,252.0,342.3333333333333,25.14623895005722,341.7142857142857,19.215569084419077,330.57142857142856,44.01348444723253,371.0,323.0,0,0,1,0,4.3,24.8,21,316.2857142857143,54.82089939478339,1,0,1177,392.3333333333333,27.527612574341546,2024-22,382.14285714285717,1,1,0,400.19463087248323,-76.19463087248323,-19.03939358365896,334.6984126984127,-10.69841269841271,-1.6976510067114106
2024-06-02,2024,6,2,Sunday,22,Dinner,Khichdi,3.0,Rainy,24.8,False,False,True,False,False,True,800,300,37.12,115.5,95.53,19.97,17.29,102.71,11863.02,2051.18,11,45,3.28,6,0,0,0.39435585511331855,0.9189578116202306,1.2246467991473532e-16,-1.0,-0.7818314824680299,0.6234898018587334,361.0,30.24,191.0,15.1,199.0,14.51,191.0,322.3333333333333,33.62043029667082,348.7142857142857,48.46550073923501,335.92857142857144,64.82931944221467,441.0,300.0,0,0,1,0,3.0,24.8,21,265.14285714285717,46.54165269454953,0,1,1177,392.3333333333333,25.48853016142736,2024-22,382.14285714285717,1,1,0,410.0973154362416,-110.09731543624162,-26.846631590144753,334.6984126984127,-34.69841269841271,-1.6976510067114106
2024-06-02,2024,6,2,Sunday,22,Lunch,Rice-Chicken,4.7,Rainy,24.8,False,False,True,False,False,True,800,553,57.97,212.91,172.42,40.49,19.02,81.84,17423.79,3313.62,10,80,4.38,6,0,0,0.39435585511331855,0.9189578116202306,1.2246467991473532e-16,-1.0,-0.7818314824680299,0.6234898018587334,448.0,33.24,310.0,18.38,332.0,27.37,310.0,460.0,87.61849119906152,456.0,65.82805886043813,421.57142857142856,72.98125606115414,553.0,379.0,0,0,1,0,4.7,24.8,21,422.6666666666667,73.28350117670038,1,0,1177,392.3333333333333,46.98385726423109,2024-22,382.14285714285717,1,1,0,506.33557046979865,46.664429530201346,9.21610731138328,334.6984126984127,218.3015873015873,-1.6976510067114106
2024-06-03,2024,6,3,Monday,23,Breakfast,Idli-Sambar,3.9,Rainy,24.3,False,False,False,False,False,True,800,526,62.37,202.51,158.04,44.47,21.96,143.08,28975.03,6362.13,9,81,4.01,0,1,0,0.5712682150947923,0.8207634412072763,1.2246467991473532e-16,-1.0,0.0,1.0,324.0,26.85,323.0,24.05,404.0,34.23,323.0,407.0,105.70241246064374,370.7142857142857,70.63925793710446,339.2857142857143,66.17044258978054,526.0,324.0,0,0,0,0,0.0,24.3,22,457.4418604651163,63.9487526687177,0,0,1579,526.3333333333334,33.31222292590247,2024-23,465.76190476190476,0,0,1,400.19463087248323,125.80536912751677,31.436046219121565,459.8062015503876,66.19379844961242,-2.1976510067114106
2024-06-03,2024,6,3,Monday,23,Dinner,Roti-Dal,3.3,Rainy,24.3,False,False,False,False,False,True,800,483,59.4,185.95,146.16,39.8,21.4,91.7,17052.91,3649.42,10,71,3.49,0,1,0,0.5712682150947923,0.8207634412072763,1.2246467991473532e-16,-1.0,0.0,1.0,300.0,19.97,317.0,20.53,321.0,27.64,317.0,381.3333333333333,93.17903913076859,372.42857142857144,67.30987332939405,347.5,75.53374182341423,483.0,300.0,0,0,0,0,0.0,24.3,22,427.6744186046512,62.5028460038621,0,0,1579,526.3333333333334,30.58898036732109,2024-23,465.76190476190476,0,0,1,410.0973154362416,72.90268456375838,17.77692313986695,459.8062015503876,23.193798449612416,-2.1976510067114106
2024-06-03,2024,6,3,Monday,23,Lunch,Rice-Dal-Sabzi,3.4,Rainy,24.3,False,False,False,False,False,True,800,570,68.72,219.45,183.25,36.2,16.5,91.87,20159.8,3325.79,10,64,3.55,0,1,0,0.5712682150947923,0.8207634412072763,1.2246467991473532e-16,-1.0,0.0,1.0,553.0,40.49,384.0,30.56,408.0,23.86,384.0,523.6666666666666,66.07823645750064,482.57142857142856,69.36583487293322,433.14285714285717,82.8407714026941,570.0,379.0,0,0,0,0,0.0,24.3,22,494.30232558139534,69.65374733833367,0,0,1579,526.3333333333334,36.09879670677644,2024-23,465.76190476190476,0,0,1,506.33557046979865,63.664429530201346,12.57356449817083,459.8062015503876,110.19379844961242,-2.1976510067114106
2024-06-04,2024,6,4,Tuesday,23,Breakfast,Poha,3.7,Cloudy,21.6,False,False,False,False,False,True,800,471,56.78,181.34,146.08,35.26,19.44,146.1,26492.24,5151.24,11,83,3.92,1,0,0,0.72479278722912,0.6889669190756866,1.2246467991473532e-16,-1.0,0.7818314824680298,0.6234898018587336,526.0,44.47,356.0,23.22,335.0,19.12,356.0,440.3333333333333,104.43339185018074,387.14285714285717,79.46787311324549,349.0,74.89993324429585,526.0,324.0,0,0,0,0,0.0,0.0,22,435.7906976744186,71.04142257113264,0,0,1690,563.3333333333334,27.869822485207102,2024-23,465.76190476190476,0,0,1,400.19463087248323,70.80536912751677,17.69273340153281,506.13953488372096,-35.139534883720955,-4.89765100671141
2024-06-04,2024,6,4,Tuesday,23,Dinner,Rice-Rajma,3.8,Cloudy,21.6,False,False,False,False,False,True,800,549,62.01,211.36,175.24,36.12,17.09,136.29,28805.95,4922.7,10,73,3.86,1,0,0,0.72479278722912,0.6889669190756866,1.2246467991473532e-16,-1.0,0.7818314824680298,0.6234898018587336,483.0,39.8,363.0,28.84,348.0,21.88,363.0,444.0,128.9999999999999,399.0,94.27795783391446,361.85714285714283,92.77172740977412,549.0,300.0,0,0,0,0,0.0,0.0,22,498.04651162790697,86.12475820364762,0,0,1690,563.3333333333334,32.485207100591715,2024-23,465.76190476190476,0,0,1,410.0973154362416,138.90268456375838,33.87066419003511,506.13953488372096,42.860465116279045,-4.89765100671141
2024-06-04,2024,6,4,Tuesday,23,Lunch,Roti-Paneer,4.0,Cloudy,21.6,False,False,False,False,False,True,800,670,72.93,257.95,210.06,47.89,18.56,89.48,23082.47,4285.24,8,70,4.0,1,0,0,0.72479278722912,0.6889669190756866,1.2246467991473532e-16,-1.0,0.7818314824680298,0.6234898018587336,570.0,36.2,483.0,31.36,373.0,20.08,483.0,597.6666666666666,63.216559012124115,509.2857142857143,99.16604641662775,454.35714285714283,102.05474182844395,670.0,379.0,0,0,0,0,0.0,0.0,44,468.32941176470587,145.08555671570826,0,0,1690,563.3333333333334,39.64497041420118,2024-23,465.76190476190476,0,0,1,506.33557046979865,163.66442953020135,32.32331265574466,506.13953488372096,163.86046511627904,-4.89765100671141
2024-06-05,2024,6,5,Wednesday,23,Breakfast,Upma,3.5,Sunny,28.8,False,False,False,False,False,True,800,407,53.2,156.69,133.33,23.37,14.91,148.2,23221.54,3463.16,9,64,3.64,2,0,0,0.8486442574947509,0.5289640103269624,1.2246467991473532e-16,-1.0,0.9749279121818236,-0.22252093395631434,471.0,35.26,329.0,20.91,315.0,22.42,329.0,468.0,59.55669567731298,398.2857142857143,75.31647514701858,355.57142857142856,75.71882632041147,526.0,324.0,0,0,0,0,0.0,0.0,22,402.1162790697674,78.48482088680939,0,1,1396,465.3333333333333,29.15472779369627,2024-23,465.76190476190476,0,0,1,400.19463087248323,6.805369127516769,1.7005148501568006,470.6046511627907,-63.604651162790674,2.3023489932885894
2024-06-05,2024,6,5,Wednesday,23,Dinner,Paratha-Paneer,4.1,Sunny,28.8,False,False,False,False,False,True,800,504,63.84,194.04,167.03,27.01,13.92,100.4,19481.88,2712.01,11,81,4.27,2,0,0,0.8486442574947509,0.5289640103269624,1.2246467991473532e-16,-1.0,0.9749279121818236,-0.22252093395631434,549.0,36.12,441.0,26.98,442.0,32.94,441.0,512.0,33.7194306001743,408.0,101.67267741794424,366.2857142857143,98.21203793631624,549.0,300.0,0,0,0,0,0.0,0.0,22,493.16279069767444,94.51730258140397,0,0,1396,465.3333333333333,36.10315186246418,2024-23,465.76190476190476,0,0,1,410.0973154362416,93.90268456375838,22.897658928556815,470.6046511627907,33.395348837209326,2.3023489932885894
2024-06-05,2024,6,5,Wednesday,23,Lunch,Rice-Sambar,3.6,Sunny,28.8,False,False,False,False,False,True,800,485,65.89,186.73,160.37,26.36,14.12,94.06,17563.28,2479.17,10,56,4.0,2,0,0,0.8486442574947509,0.5289640103269624,1.2246467991473532e-16,-1.0,0.9749279121818236,-0.22252093395631434,670.0,47.89,427.0,34.68,403.0,22.81,427.0,575.0,92.60129588726087,517.5714285714286,93.40031610020955,460.2142857142857,101.23026194802597,670.0,379.0,0,0,0,0,0.0,0.0,22,516.5348837209302,108.15494811506254,0,0,1396,465.3333333333333,34.742120343839545,2024-23,465.76190476190476,0,0,1,506.33557046979865,-21.335570469798654,-4.213721435766925,470.6046511627907,14.395348837209326,2.3023489932885894
2024-06-06,2024,6,6,Thursday,23,Breakfast,Dosa,4.6,Rainy,24.2,False,False,False,False,False,True,800,604,69.52,232.54,185.62,46.92,20.18,135.01,31395.38,6335.3,10,52,4.69,3,0,0,0.9377521321470804,0.3473052528448203,1.2246467991473532e-16,-1.0,0.43388373911755823,-0.900968867902419,407.0,23.37,357.0,24.16,379.0,25.82,357.0,494.0,100.49378090210396,433.57142857142856,104.82820412919628,371.64285714285717,100.79881496774198,604.0,324.0,0,0,0,0,0.0,24.2,22,496.3488372093023,101.6197121205963,1,0,1721,573.6666666666666,35.09587449157466,2024-23,465.76190476190476,0,0,1,400.19463087248323,203.80536912751677,50.926562578611076,502.8914728682171,101.10852713178292,-2.297651006711412
2024-06-06,2024,6,6,Thursday,23,Dinner,Rice-Curd-Pickle,3.2,Rainy,24.2,False,False,False,False,False,True,800,515,57.39,198.28,153.7,44.58,22.48,130.9,25955.18,5835.39,9,73,3.65,3,0,0,0.9377521321470804,0.3473052528448203,1.2246467991473532e-16,-1.0,0.43388373911755823,-0.900968867902419,504.0,27.01,353.0,26.61,262.0,14.27,353.0,522.6666666666666,23.459184413216587,431.14285714285717,105.43470107358488,384.35714285714283,100.78965693490058,549.0,300.0,0,0,0,0,0.0,24.2,22,405.6046511627907,82.89641830819832,0,1,1721,573.6666666666666,29.924462521789657,2024-23,465.76190476190476,0,0,1,410.0973154362416,104.90268456375838,25.57994910358484,502.8914728682171,12.108527131782921,-2.297651006711412
2024-06-06,2024,6,6,Thursday,23,Lunch,Biryani,4.8,Rainy,24.2,False,False,False,False,False,True,800,602,87.18,231.77,183.3,48.47,20.91,149.81,34721.13,7260.5,9,88,4.76,3,0,0,0.9377521321470804,0.3473052528448203,1.2246467991473532e-16,-1.0,0.43388373911755823,-0.900968867902419,485.0,26.36,518.0,31.91,517.0,39.27,518.0,585.6666666666666,93.57528163640958,529.5714285714286,98.70977179397727,466.2857142857143,107.26704890235304,670.0,379.0,0,0,0,0,0.0,24.2,22,606.7209302325581,110.13462013143287,1,0,1721,573.6666666666666,34.97966298663568,2024-23,465.76190476190476,0,0,1,506.33557046979865,95.66442953020135,18.893483908594455,502.8914728682171,99.10852713178292,-2.297651006711412
2024-06-07,2024,6,7,Friday,23,Breakfast,Paratha-Curry,3.7,Sunny,23.5,False,False,False,False,False,True,800,365,47.32,140.53,109.47,31.05,22.1,139.35,19581.48,4327.22,11,88,3.86,4,0,1,0.9884683243281114,0.1514277775045767,1.2246467991473532e-16,-1.0,-0.433883739117558,-0.9009688679024191,604.0,46.92,332.0,17.95,306.0,18.93,332.0,458.6666666666667,127.60224658419381,438.2857142857143,100.13609786304919,375.85714285714283,99.06164137146516,604.0,324.0,0,0,0,0,0.0,0.0,22,367.85714285714283,69.70270367033623,0,0,1237,412.3333333333333,29.50687146321746,2024-23,465.76190476190476,0,0,1,400.19463087248323,-35.19463087248323,-8.794378574183705,432.13492063492066,-67.13492063492066,-2.9976510067114113
2024-06-07,2024,6,7,Friday,23,Dinner,Noodles,4.2,Sunny,23.5,False,False,False,False,False,True,800,385,55.58,148.23,119.62,28.61,19.3,111.43,16517.4,3187.87,12,75,4.25,4,0,1,0.9884683243281114,0.1514277775045767,1.2246467991473532e-16,-1.0,-0.433883739117558,-0.9009688679024191,515.0,44.58,306.0,22.75,371.0,21.47,306.0,468.0,72.090221250874,442.42857142857144,93.34141121506066,385.35714285714283,100.71636269388266,549.0,300.0,0,0,0,0,0.0,0.0,22,427.35714285714283,84.50424189917749,0,0,1237,412.3333333333333,31.123686337914307,2024-23,465.76190476190476,0,0,1,410.0973154362416,-25.097315436241615,-6.119843874019099,432.13492063492066,-47.13492063492066,-2.9976510067114113
2024-06-07,2024,6,7,Friday,23,Lunch,Chole-Bhature,4.5,Sunny,23.5,False,False,False,False,False,True,800,487,66.3,187.5,155.68,31.82,16.97,96.94,18176.04,3084.41,9,90,4.39,4,0,1,0.9884683243281114,0.1514277775045767,1.2246467991473532e-16,-1.0,-0.433883739117558,-0.9009688679024191,602.0,48.47,379.0,22.77,357.0,19.78,379.0,524.6666666666666,66.98009654616338,545.0,77.39078325830127,475.57142857142856,102.60432910773487,670.0,448.0,0,0,0,0,0.0,0.0,22,501.1904761904762,97.64825828507733,1,0,1237,412.3333333333333,39.369442198868235,2024-23,465.76190476190476,0,0,1,506.33557046979865,-19.335570469798654,-3.818726472615449,432.13492063492066,54.86507936507934,-2.9976510067114113
2024-06-08,2024,6,8,Saturday,23,Breakfast,Bread-Omelette,3.9,Cloudy,26.5,False,False,True,False,False,True,800,333,41.58,128.21,109.83,18.37,14.33,140.87,18060.8,2588.45,11,79,3.8,5,0,0,0.9987165071710528,-0.05064916883871264,1.2246467991473532e-16,-1.0,-0.9749279121818236,-0.2225209339563146,365.0,31.05,371.0,28.63,245.0,19.45,371.0,434.0,148.09118812407462,432.85714285714283,105.28917097123325,382.14285714285717,92.70785971398134,604.0,324.0,0,0,0,0,3.9,0.0,22,320.9761904761905,53.05978592771122,0,0,1040,346.6666666666667,32.01923076923077,2024-23,465.76190476190476,1,1,0,400.19463087248323,-67.19463087248323,-16.790487849871706,361.4761904761905,-28.47619047619048,0.00234899328858873
2024-06-08,2024,6,8,Saturday,23,Dinner,Roti-Paneer,4.0,Cloudy,26.5,False,False,True,False,False,True,800,325,45.38,125.12,97.65,27.47,21.95,133.83,16745.08,3676.33,10,55,4.14,5,0,0,0.9987165071710528,-0.05064916883871264,1.2246467991473532e-16,-1.0,-0.9749279121818236,-0.2225209339563146,385.0,28.61,361.0,30.24,327.0,28.43,361.0,408.3333333333333,97.12534856222285,437.2857142857143,99.3725553757413,385.2142857142857,100.80688206926885,549.0,300.0,0,0,0,0,4.0,0.0,45,468.32941176470587,145.08555671570826,0,0,1040,346.6666666666667,31.25,2024-23,465.76190476190476,1,1,0,410.0973154362416,-85.09731543624162,-20.75051755599015,361.4761904761905,-36.47619047619048,0.00234899328858873
2024-06-08,2024,6,8,Saturday,23,Lunch,Fried Rice,4.2,Cloudy,26.5,False,False,True,False,False,True,800,382,53.3,147.07,126.59,20.48,13.92,129.11,18988.85,2643.89,12,83,4.28,5,0,0,0.9987165071710528,-0.05064916883871264,1.2246467991473532e-16,-1.0,-0.9749279121818236,-0.2225209339563146,487.0,31.82,448.0,33.24,342.0,25.46,448.0,490.3333333333333,110.03787226829392,535.5714285714286,93.51801456200336,478.42857142857144,99.09569134909985,670.0,382.0,0,0,0,0,4.2,0.0,22,414.14285714285717,69.65159687857265,0,0,1040,346.6666666666667,36.73076923076923,2024-23,465.76190476190476,1,1,0,506.33557046979865,-124.33557046979865,-24.55596203806797,361.4761904761905,20.52380952380952,0.00234899328858873
2024-06-09,2024,6,9,Sunday,23,Breakfast,Puri-Bhaji,4.3,Rainy,23.0,False,False,True,False,False,True,800,404,44.66,155.54,134.1,21.44,13.79,127.42,19819.38,2732.18,11,66,4.49,6,0,0,0.9680771188662043,-0.2506525322587204,1.2246467991473532e-16,-1.0,-0.7818314824680299,0.6234898018587334,333.0,18.37,324.0,26.85,252.0,17.32,324.0,367.3333333333333,35.55746522649472,444.2857142857143,95.3794427287042,393.0,84.86278517520093,604.0,333.0,0,0,1,0,4.3,23.0,22,316.2857142857143,54.82089939478339,1,0,1118,372.6666666666667,36.135957066189626,2024-23,465.76190476190476,1,1,0,400.19463087248323,3.8053691275167694,0.9508796055610502,334.6984126984127,69.30158730158729,-3.4976510067114113
2024-06-09,2024,6,9,Sunday,23,Dinner,Khichdi,3.0,Rainy,23.0,False,False,True,False,False,True,800,261,37.12,100.48,82.39,18.1,18.01,120.64,12122.14,2183.31,12,59,3.35,6,0,0,0.9680771188662043,-0.2506525322587204,1.2246467991473532e-16,-1.0,-0.7818314824680299,0.6234898018587334,325.0,27.47,300.0,19.97,191.0,15.1,300.0,323.6666666666667,62.01075175591137,431.7142857142857,108.98121288508754,390.2142857142857,91.76322254034572,549.0,261.0,0,0,1,0,3.0,23.0,22,265.14285714285717,46.54165269454953,0,1,1118,372.6666666666667,23.34525939177102,2024-23,465.76190476190476,1,1,0,410.0973154362416,-149.09731543624162,-36.35656948342593,334.6984126984127,-73.69841269841271,-3.4976510067114113
2024-06-09,2024,6,9,Sunday,23,Lunch,Rice-Chicken,4.7,Rainy,23.0,False,False,True,False,False,True,800,453,57.97,174.41,141.59,32.81,18.81,80.74,14081.17,2649.24,10,59,4.57,6,0,0,0.9680771188662043,-0.2506525322587204,1.2246467991473532e-16,-1.0,-0.7818314824680299,0.6234898018587334,382.0,20.48,553.0,40.49,310.0,18.38,553.0,440.6666666666667,53.575491909392355,521.2857142857143,97.94507693211597,488.64285714285717,87.03545444053447,670.0,382.0,0,0,1,0,4.7,23.0,22,422.6666666666667,73.28350117670038,1,0,1118,372.6666666666667,40.51878354203936,2024-23,465.76190476190476,1,1,0,506.33557046979865,-53.335570469798654,-10.53364084619055,334.6984126984127,118.30158730158729,-3.4976510067114113
2024-06-10,2024,6,10,Monday,24,Breakfast,Idli-Sambar,3.9,Rainy,23.3,False,False,False,False,False,True,800,487,62.37,187.5,158.05,29.45,15.71,121.2,22724.64,3569.13,12,54,3.94,0,1,0,0.8978045395707416,-0.4403941515576344,1.2246467991473532e-16,-1.0,0.0,1.0,404.0,21.44,526.0,44.47,323.0,24.05,526.0,408.0,77.07788269017291,438.7142857142857,90.84183009626217,404.7142857142857,85.77109838798448,604.0,333.0,0,0,0,0,0.0,23.3,23,457.4418604651163,63.9487526687177,0,0,1389,463.0,35.06119510439165,2024-24,485.7142857142857,0,0,1,400.19463087248323,86.80536912751677,21.69078803937681,459.8062015503876,27.193798449612416,-3.1976510067114106
2024-06-10,2024,6,10,Monday,24,Dinner,Roti-Dal,3.3,Rainy,23.3,False,False,False,False,False,True,800,472,59.4,181.72,155.96,25.76,14.18,89.92,16339.76,2316.27,10,66,3.56,0,1,0,0.8978045395707416,-0.4403941515576344,1.2246467991473532e-16,-1.0,0.0,1.0,261.0,18.1,483.0,39.8,317.0,20.53,483.0,352.6666666666667,108.18656724997457,430.14285714285717,108.19492990497692,401.2857142857143,91.60066221748241,549.0,261.0,0,0,0,0,0.0,23.3,23,427.6744186046512,62.5028460038621,0,0,1389,463.0,33.981281497480204,2024-24,485.7142857142857,0,0,1,410.0973154362416,61.902684563758385,15.094632964838922,459.8062015503876,12.193798449612416,-3.1976510067114106
2024-06-10,2024,6,10,Monday,24,Lunch,Rice-Dal-Sabzi,3.4,Rainy,23.3,False,False,False,False,False,True,800,430,68.72,165.55,128.29,37.26,22.5,87.32,14455.57,3253.08,11,50,3.48,0,1,0,0.8978045395707416,-0.4403941515576344,1.2246467991473532e-16,-1.0,0.0,1.0,453.0,32.81,570.0,36.2,384.0,30.56,570.0,421.6666666666667,36.22614157391546,501.2857142857143,100.59773735976756,491.92857142857144,83.58088140396556,670.0,382.0,0,0,0,0,0.0,23.3,23,494.30232558139534,69.65374733833367,0,0,1389,463.0,30.95752339812815,2024-24,485.7142857142857,0,0,1,506.33557046979865,-76.33557046979865,-15.076082922432532,459.8062015503876,-29.806201550387584,-3.1976510067114106
2024-06-11,2024,6,11,Tuesday,24,Breakfast,Poha,3.7,Rainy,23.3,False,False,False,False,False,True,800,526,62.46,202.51,165.38,37.13,18.34,113.33,22950.74,4208.49,11,89,3.84,1,0,0,0.7907757369376989,-0.6121059825476626,1.2246467991473532e-16,-1.0,0.7818314824680298,0.6234898018587336,487.0,29.45,471.0,35.26,356.0,23.22,471.0,472.3333333333333,62.30837289910083,446.57142857142856,96.31347628595795,416.85714285714283,90.26018556872737,604.0,333.0,0,0,0,0,0.0,23.3,23,435.7906976744186,71.04142257113264,0,0,1855,618.3333333333334,28.35579514824798,2024-24,485.7142857142857,0,0,1,400.19463087248323,125.80536912751677,31.436046219121565,506.13953488372096,19.860465116279045,-3.1976510067114106
2024-06-11,2024,6,11,Tuesday,24,Dinner,Rice-Rajma,3.8,Rainy,23.3,False,False,False,False,False,True,800,594,68.21,228.69,190.19,38.5,16.84,127.4,29135.05,4905.36,9,60,3.94,1,0,0,0.7907757369376989,-0.6121059825476626,1.2246467991473532e-16,-1.0,0.7818314824680298,0.6234898018587336,472.0,25.76,549.0,36.12,363.0,28.84,549.0,442.3333333333333,168.47057111950826,436.57142857142856,117.380942721916,417.7857142857143,104.12284059737281,594.0,261.0,0,0,0,0,0.0,23.3,23,498.04651162790697,86.12475820364762,0,0,1855,618.3333333333334,32.02156334231806,2024-24,485.7142857142857,0,0,1,410.0973154362416,183.90268456375838,44.84366945151339,506.13953488372096,87.86046511627904,-3.1976510067114106
2024-06-11,2024,6,11,Tuesday,24,Lunch,Roti-Paneer,4.0,Rainy,23.3,False,False,False,False,False,True,800,735,80.22,282.98,220.39,62.58,22.12,83.13,23523.09,5202.51,8,46,4.23,1,0,0,0.7907757369376989,-0.6121059825476626,1.2246467991473532e-16,-1.0,0.7818314824680298,0.6234898018587336,430.0,37.26,670.0,47.89,483.0,31.36,670.0,539.3333333333334,169.84208351681676,510.57142857142856,119.91226951797884,509.92857142857144,105.7147572012059,735.0,382.0,0,0,0,0,0.0,23.3,46,468.32941176470587,145.08555671570826,0,0,1855,618.3333333333334,39.62264150943396,2024-24,485.7142857142857,0,0,1,506.33557046979865,228.66442953020135,45.16064895816765,506.13953488372096,228.86046511627904,-3.1976510067114106
2024-06-12,2024,6,12,Wednesday,24,Breakfast,Upma,3.5,Cloudy,23.2,False,False,False,False,False,True,800,387,53.2,149.0,119.62,29.38,19.72,109.85,16366.48,3227.19,11,59,3.86,2,0,0,0.6513724827222223,-0.758758122692791,1.2246467991473532e-16,-1.0,0.9749279121818236,-0.22252093395631434,526.0,37.13,407.0,23.37,329.0,20.91,407.0,466.6666666666667,71.69611797952105,443.7142857142857,97.96549441123729,421.0,87.19650663433008,604.0,333.0,0,0,0,0,0.0,0.0,23,402.1162790697674,78.48482088680939,0,1,1534,511.3333333333333,25.228161668839633,2024-24,485.7142857142857,0,0,1,400.19463087248323,-13.19463087248323,-3.2970534471482016,470.6046511627907,-83.60465116279067,-3.297651006711412
2024-06-12,2024,6,12,Wednesday,24,Dinner,Paratha-Paneer,4.1,Cloudy,23.2,False,False,False,False,False,True,800,512,63.84,197.12,163.32,33.8,17.14,93.81,18492.36,3170.42,12,72,4.09,2,0,0,0.6513724827222223,-0.758758122692791,1.2246467991473532e-16,-1.0,0.9749279121818236,-0.22252093395631434,594.0,38.5,504.0,27.01,441.0,26.98,504.0,526.0,62.19324722186466,437.7142857142857,118.18307025643777,422.85714285714283,107.02900911065542,594.0,261.0,0,0,0,0,0.0,0.0,23,493.16279069767444,94.51730258140397,0,0,1534,511.3333333333333,33.3767926988266,2024-24,485.7142857142857,0,0,1,410.0973154362416,101.90268456375838,24.84841541948629,470.6046511627907,41.395348837209326,-3.297651006711412
2024-06-12,2024,6,12,Wednesday,24,Lunch,Rice-Sambar,3.6,Cloudy,23.2,False,False,False,False,False,True,800,635,65.89,244.48,202.91,41.57,17.0,93.05,22747.69,3867.6,11,70,3.58,2,0,0,0.6513724827222223,-0.758758122692791,1.2246467991473532e-16,-1.0,0.9749279121818236,-0.22252093395631434,735.0,62.58,485.0,26.36,427.0,34.68,485.0,600.0,155.4831180546622,532.0,127.72887953265185,524.7857142857143,107.75983165670472,735.0,382.0,0,0,0,0,0.0,0.0,23,516.5348837209302,108.15494811506254,0,0,1534,511.3333333333333,41.39504563233377,2024-24,485.7142857142857,0,0,1,506.33557046979865,128.66442953020135,25.410900800593815,470.6046511627907,164.39534883720933,-3.297651006711412
2024-06-13,2024,6,13,Thursday,24,Breakfast,Dosa,4.6,Cloudy,24.0,False,False,False,False,False,True,800,504,63.2,194.04,153.57,40.47,20.86,132.66,25741.89,5368.86,8,81,4.32,3,0,0,0.48530196253108104,-0.8743466161445821,1.2246467991473532e-16,-1.0,0.43388373911755823,-0.900968867902419,387.0,29.38,604.0,46.92,357.0,24.16,604.0,472.3333333333333,74.71501410916953,429.42857142857144,75.38535919495538,431.5,87.74591816059683,526.0,333.0,0,0,0,0,0.0,0.0,23,496.3488372093023,101.6197121205963,1,0,1560,520.0,32.30769230769231,2024-24,485.7142857142857,0,0,1,400.19463087248323,103.80536912751677,25.938721092086066,502.8914728682171,1.108527131782921,-2.4976510067114113
2024-06-13,2024,6,13,Thursday,24,Dinner,Rice-Curd-Pickle,3.2,Cloudy,24.0,False,False,False,False,False,True,800,412,52.17,158.62,126.35,32.27,20.34,140.38,22267.8,4529.77,12,85,3.43,3,0,0,0.48530196253108104,-0.8743466161445821,1.2246467991473532e-16,-1.0,0.43388373911755823,-0.900968867902419,512.0,33.8,515.0,44.58,353.0,26.61,515.0,506.0,91.14823092084653,423.0,113.26664704728108,427.07142857142856,105.21294471814626,594.0,261.0,0,0,0,0,0.0,0.0,23,405.6046511627907,82.89641830819832,0,1,1560,520.0,26.410256410256412,2024-24,485.7142857142857,0,0,1,410.0973154362416,1.9026845637583847,0.4639592828678728,502.8914728682171,-90.89147286821708,-2.4976510067114113
2024-06-13,2024,6,13,Thursday,24,Lunch,Biryani,4.8,Cloudy,24.0,False,False,False,False,False,True,800,644,79.25,247.94,211.24,36.7,14.8,93.09,23080.04,3415.89,10,57,4.62,3,0,0,0.48530196253108104,-0.8743466161445821,1.2246467991473532e-16,-1.0,0.43388373911755823,-0.900968867902419,635.0,41.57,602.0,48.47,518.0,31.91,602.0,671.3333333333334,55.32027958473601,538.0,132.46383154154455,533.7857142857143,112.31492713412086,735.0,382.0,0,0,0,0,0.0,0.0,23,606.7209302325581,110.13462013143287,1,0,1560,520.0,41.28205128205128,2024-24,485.7142857142857,0,0,1,506.33557046979865,137.66442953020135,27.188378134775466,502.8914728682171,141.10852713178292,-2.4976510067114113
2024-06-14,2024,6,14,Friday,24,Breakfast,Paratha-Curry,3.7,Rainy,22.3,False,False,False,False,False,True,800,397,52.05,152.84,123.56,29.28,19.16,88.0,13449.79,2576.8,10,74,3.92,4,0,1,0.29936312297335804,-0.9541392564000488,1.2246467991473532e-16,-1.0,-0.433883739117558,-0.9009688679024191,504.0,40.47,365.0,31.05,332.0,17.95,365.0,429.3333333333333,64.85625130496976,434.0,71.70774016799068,436.14285714285717,83.70263955295479,526.0,333.0,0,0,0,0,0.0,22.3,23,367.85714285714283,69.70270367033623,0,0,1445,481.6666666666667,27.47404844290657,2024-24,485.7142857142857,0,0,1,400.19463087248323,-3.1946308724832306,-0.7982692984957006,432.13492063492066,-35.13492063492066,-4.197651006711411
2024-06-14,2024,6,14,Friday,24,Dinner,Noodles,4.2,Rainy,22.3,False,False,False,False,False,True,800,467,61.13,179.8,149.92,29.88,16.62,101.92,18325.25,3045.14,9,64,4.04,4,0,1,0.29936312297335804,-0.9541392564000488,1.2246467991473532e-16,-1.0,-0.433883739117558,-0.9009688679024191,412.0,32.27,385.0,28.61,306.0,22.75,385.0,463.6666666666667,50.0832640043885,434.7142857142857,112.92138015113926,438.57142857142856,99.61133260034993,594.0,261.0,0,0,0,0,0.0,22.3,23,427.35714285714283,84.50424189917749,0,0,1445,481.6666666666667,32.31833910034602,2024-24,485.7142857142857,0,0,1,410.0973154362416,56.902684563758385,13.875410158008,432.13492063492066,34.86507936507934,-4.197651006711411
2024-06-14,2024,6,14,Friday,24,Lunch,Chole-Bhature,4.5,Rainy,22.3,False,False,False,False,False,True,800,581,72.93,223.69,189.39,34.29,15.33,129.42,28949.13,4437.8,10,84,4.47,4,0,1,0.29936312297335804,-0.9541392564000488,1.2246467991473532e-16,-1.0,-0.433883739117558,-0.9009688679024191,644.0,36.7,487.0,31.82,379.0,22.77,487.0,620.0,34.07345007480205,551.4285714285714,131.19051940194615,548.2142857142857,103.53236474383542,735.0,382.0,0,0,0,0,0.0,22.3,23,501.1904761904762,97.64825828507733,1,0,1445,481.6666666666667,40.207612456747405,2024-24,485.7142857142857,0,0,1,506.33557046979865,74.66442953020135,14.74603679550395,432.13492063492066,148.86507936507934,-4.197651006711411
2024-06-15,2024,6,15,Saturday,24,Breakfast,Bread-Omelette,3.9,Rainy,21.9,False,False,True,False,False,True,800,368,45.74,141.68,111.3,30.38,21.44,107.19,15187.02,3256.43,12,53,4.04,5,0,0,0.10116832198743272,-0.994869323391895,1.2246467991473532e-16,-1.0,-0.9749279121818236,-0.2225209339563146,397.0,29.28,333.0,18.37,371.0,28.63,333.0,423.0,71.63099887618529,439.0,64.33246976967956,435.92857142857144,83.88587878386126,526.0,368.0,0,0,1,0,3.9,21.9,23,320.9761904761905,53.05978592771122,0,0,1273,424.3333333333333,28.908091123330713,2024-24,485.7142857142857,1,1,0,400.19463087248323,-32.19463087248323,-8.044743329587954,361.4761904761905,6.523809523809518,-4.597651006711413
2024-06-15,2024,6,15,Saturday,24,Dinner,Roti-Paneer,4.0,Rainy,21.9,False,False,True,False,False,True,800,447,49.91,172.09,147.54,24.55,14.27,92.13,15854.5,2261.87,9,76,3.98,5,0,0,0.10116832198743272,-0.994869323391895,1.2246467991473532e-16,-1.0,-0.9749279121818236,-0.2225209339563146,467.0,29.88,325.0,27.47,361.0,30.24,325.0,442.0,27.838821814148915,452.14285714285717,102.05787340430689,444.7142857142857,97.07921315283501,594.0,261.0,0,0,1,0,4.0,21.9,47,468.32941176470587,145.08555671570826,0,0,1273,424.3333333333333,35.11390416339356,2024-24,485.7142857142857,1,1,0,410.0973154362416,36.902684563758385,8.998518930684318,361.4761904761905,85.52380952380952,-4.597651006711413
2024-06-15,2024,6,15,Saturday,24,Lunch,Fried Rice,4.2,Rainy,21.9,False,False,True,False,False,True,800,458,58.62,176.33,143.04,33.29,18.88,114.07,20113.42,3797.71,12,89,4.4,5,0,0,0.10116832198743272,-0.994869323391895,1.2246467991473532e-16,-1.0,-0.9749279121818236,-0.2225209339563146,581.0,34.29,382.0,20.48,448.0,33.24,382.0,561.0,94.5991543302583,562.2857142857143,117.23440093208472,548.9285714285714,102.81983068658306,735.0,430.0,0,0,1,0,4.2,21.9,23,414.14285714285717,69.65159687857265,0,0,1273,424.3333333333333,35.97800471327572,2024-24,485.7142857142857,1,1,0,506.33557046979865,-48.335570469798654,-9.54615343831186,361.4761904761905,96.52380952380952,-4.597651006711413
2024-06-16,2024,6,16,Sunday,24,Breakfast,Puri-Bhaji,4.3,Rainy,16.0,False,False,True,False,False,True,800,388,44.66,149.38,126.86,22.52,15.07,123.36,18427.32,2777.52,10,45,4.28,6,0,0,-0.10116832198743204,-0.9948693233918952,1.2246467991473532e-16,-1.0,-0.7818314824680299,0.6234898018587334,368.0,30.38,404.0,21.44,324.0,26.85,404.0,384.3333333333333,14.843629385476547,436.7142857142857,66.04471789556548,440.5,78.91353593551716,526.0,368.0,0,0,1,0,4.3,16.0,23,316.2857142857143,54.82089939478339,1,0,1144,381.3333333333333,33.91608391608392,2024-24,485.7142857142857,1,1,0,400.19463087248323,-12.19463087248323,-3.047175032282952,334.6984126984127,53.30158730158729,-10.497651006711411
2024-06-16,2024,6,16,Sunday,24,Dinner,Khichdi,3.0,Rainy,16.0,False,False,True,False,False,True,800,247,37.12,95.09,77.02,18.08,19.01,114.42,10880.85,2068.22,11,76,3.23,6,0,0,-0.10116832198743204,-0.9948693233918952,1.2246467991473532e-16,-1.0,-0.7818314824680299,0.6234898018587334,447.0,24.55,261.0,18.1,300.0,19.97,261.0,387.0,121.655250605964,450.14285714285717,106.4697587289909,440.92857142857144,103.94707550236542,594.0,247.0,0,0,1,0,3.0,16.0,23,265.14285714285717,46.54165269454953,0,1,1144,381.3333333333333,21.59090909090909,2024-24,485.7142857142857,1,1,0,410.0973154362416,-163.09731543624162,-39.77039334255251,334.6984126984127,-87.69841269841271,-10.497651006711411
2024-06-16,2024,6,16,Sunday,24,Lunch,Rice-Chicken,4.7,Rainy,16.0,False,False,True,False,False,True,800,509,57.97,195.97,154.9,41.06,20.95,106.88,20943.97,4388.47,12,77,4.63,6,0,0,-0.10116832198743204,-0.9948693233918952,1.2246467991473532e-16,-1.0,-0.7818314824680299,0.6234898018587334,458.0,33.29,453.0,32.81,553.0,40.49,453.0,516.0,61.79805822192173,570.2857142857143,110.23567826209803,545.7857142857143,103.35687135910646,735.0,430.0,0,0,1,0,4.7,16.0,23,422.6666666666667,73.28350117670038,1,0,1144,381.3333333333333,44.49300699300699,2024-24,485.7142857142857,1,1,0,506.33557046979865,2.664429530201346,0.5262181220507934,334.6984126984127,174.3015873015873,-10.497651006711411
2024-06-17,2024,6,17,Monday,25,Breakfast,Idli-Sambar,3.9,Cloudy,23.0,False,False,False,False,False,True,800,439,56.7,169.01,142.83,26.18,15.49,95.44,16130.3,2498.9,8,62,3.88,0,1,0,-0.2993631229733582,-0.9541392564000488,1.2246467991473532e-16,-1.0,0.0,1.0,388.0,22.52,487.0,29.45,526.0,44.47,487.0,398.3333333333333,36.610563138708834,429.85714285714283,62.34160882168709,434.2857142857143,74.99069539352465,526.0,368.0,0,0,0,0,0.0,0.0,24,457.4418604651163,63.9487526687177,0,0,1286,428.6666666666667,34.13685847589424,2024-25,470.57142857142856,0,0,1,400.19463087248323,38.80536912751677,9.696624125844805,459.8062015503876,-20.806201550387584,-3.4976510067114113
2024-06-17,2024,6,17,Monday,25,Dinner,Roti-Dal,3.3,Cloudy,23.0,False,False,False,False,False,True,800,405,54.0,155.93,122.09,33.83,21.7,87.99,13720.54,2977.09,12,68,3.6,0,1,0,-0.2993631229733582,-0.9541392564000488,1.2246467991473532e-16,-1.0,0.0,1.0,247.0,18.08,472.0,25.76,483.0,39.8,472.0,366.3333333333333,105.4577324492293,440.57142857142856,107.18653078140177,435.35714285714283,103.6084397682387,594.0,247.0,0,0,0,0,0.0,0.0,24,427.6744186046512,62.5028460038621,0,0,1286,428.6666666666667,31.493001555209954,2024-25,470.57142857142856,0,0,1,410.0973154362416,-5.097315436241615,-1.2429526466954162,459.8062015503876,-54.806201550387584,-3.4976510067114113
2024-06-17,2024,6,17,Monday,25,Lunch,Rice-Dal-Sabzi,3.4,Cloudy,23.0,False,False,False,False,False,True,800,442,62.47,170.17,135.96,34.21,20.1,134.65,22913.7,4606.34,12,76,3.68,0,1,0,-0.2993631229733582,-0.9541392564000488,1.2246467991473532e-16,-1.0,0.0,1.0,509.0,41.06,430.0,37.26,570.0,36.2,430.0,469.6666666666667,34.99047489436748,572.0,107.75589697707206,536.6428571428571,106.65877088450549,735.0,442.0,0,0,0,0,0.0,0.0,24,494.30232558139534,69.65374733833367,0,0,1286,428.6666666666667,34.3701399688958,2024-25,470.57142857142856,0,0,1,506.33557046979865,-64.33557046979865,-12.706113143523673,459.8062015503876,-17.806201550387584,-3.4976510067114113
2024-06-18,2024,6,18,Tuesday,25,Breakfast,Poha,3.7,Cloudy,20.7,False,False,False,False,False,True,800,517,56.78,199.05,167.56,31.49,15.82,110.9,22073.23,3491.57,9,72,3.69,1,0,0,-0.4853019625310808,-0.8743466161445822,1.2246467991473532e-16,-1.0,0.7818314824680298,0.6234898018587336,439.0,26.18,526.0,37.13,471.0,35.26,526.0,448.0,64.96922348312363,428.57142857142856,60.08010525639174,437.57142857142856,77.68250400554447,517.0,368.0,0,0,0,0,0.0,0.0,24,435.7906976744186,71.04142257113264,0,0,1689,563.0,30.60982830076969,2024-25,470.57142857142856,0,0,1,400.19463087248323,116.80536912751677,29.18714048533431,506.13953488372096,10.860465116279045,-5.797651006711412
2024-06-18,2024,6,18,Tuesday,25,Dinner,Rice-Rajma,3.8,Cloudy,20.7,False,False,False,False,False,True,800,546,62.01,210.21,169.1,41.11,19.56,137.17,28834.72,5639.61,11,52,4.06,1,0,0,-0.4853019625310808,-0.8743466161445822,1.2246467991473532e-16,-1.0,0.7818314824680298,0.6234898018587336,405.0,33.83,594.0,38.5,549.0,36.12,594.0,399.3333333333333,149.58052457901476,433.7142857142857,96.76382637761957,435.14285714285717,103.35812062388254,546.0,247.0,0,0,0,0,0.0,0.0,24,498.04651162790697,86.12475820364762,0,0,1689,563.0,32.326820603907635,2024-25,470.57142857142856,0,0,1,410.0973154362416,135.90268456375838,33.13913050593655,506.13953488372096,39.860465116279045,-5.797651006711412
2024-06-18,2024,6,18,Tuesday,25,Lunch,Roti-Paneer,4.0,Cloudy,20.7,False,False,False,False,False,True,800,626,72.93,241.01,204.42,36.59,15.18,132.59,31956.52,4851.38,10,47,4.05,1,0,0,-0.4853019625310808,-0.8743466161445822,1.2246467991473532e-16,-1.0,0.7818314824680298,0.6234898018587336,442.0,34.21,735.0,62.58,670.0,47.89,735.0,525.6666666666666,93.12536353396621,556.4285714285714,85.94350303708678,533.5,103.0128819427642,644.0,442.0,0,0,0,0,0.0,0.0,48,468.32941176470587,145.08555671570826,0,0,1689,563.0,37.06335109532268,2024-25,470.57142857142856,0,0,1,506.33557046979865,119.66442953020135,23.633423466412175,506.13953488372096,119.86046511627904,-5.797651006711412
2024-06-19,2024,6,19,Wednesday,25,Breakfast,Upma,3.5,Rainy,26.2,False,False,False,False,False,True,800,425,58.52,163.62,138.5,25.13,15.36,121.15,19823.93,3044.41,10,90,3.77,2,0,0,-0.651372482722222,-0.7587581226927911,1.2246467991473532e-16,-1.0,0.9749279121818236,-0.22252093395631434,517.0,31.49,387.0,29.38,407.0,23.37,387.0,460.3333333333333,49.57149718672413,434.0,57.352709904008876,438.85714285714283,77.28554163008079,517.0,368.0,0,0,0,0,0.0,26.2,24,402.1162790697674,78.48482088680939,0,1,1561,520.3333333333334,27.226137091607942,2024-25,470.57142857142856,0,0,1,400.19463087248323,24.80536912751677,6.198326317731303,470.6046511627907,-45.604651162790674,-0.297651006711412
2024-06-19,2024,6,19,Wednesday,25,Dinner,Paratha-Paneer,4.1,Rainy,26.2,False,False,False,False,False,True,800,582,70.22,224.07,184.76,39.31,17.54,117.26,26274.37,4609.78,12,79,4.0,2,0,0,-0.651372482722222,-0.7587581226927911,1.2246467991473532e-16,-1.0,0.9749279121818236,-0.22252093395631434,546.0,41.11,512.0,33.8,504.0,27.01,512.0,511.0,93.54677974147458,443.7142857142857,109.0408398807748,440.7142857142857,109.28750267875184,582.0,247.0,0,0,0,0,0.0,26.2,24,493.16279069767444,94.51730258140397,0,0,1561,520.3333333333334,37.28379244074311,2024-25,470.57142857142856,0,0,1,410.0973154362416,171.90268456375838,41.91753471511918,470.6046511627907,111.39534883720933,-0.297651006711412
2024-06-19,2024,6,19,Wednesday,25,Lunch,Rice-Sambar,3.6,Rainy,26.2,False,False,False,False,False,True,800,554,72.48,213.29,173.12,40.17,18.83,123.13,26262.52,4946.51,9,58,3.93,2,0,0,-0.651372482722222,-0.7587581226927911,1.2246467991473532e-16,-1.0,0.9749279121818236,-0.22252093395631434,626.0,36.59,635.0,41.57,485.0,26.36,635.0,540.6666666666666,92.72180613713995,544.8571428571429,78.75368472105217,538.4285714285714,102.16104502636583,644.0,442.0,0,0,0,0,0.0,26.2,24,516.5348837209302,108.15494811506254,0,0,1561,520.3333333333334,35.49007046764894,2024-25,470.57142857142856,0,0,1,506.33557046979865,47.664429530201346,9.413604792959017,470.6046511627907,83.39534883720933,-0.297651006711412
2024-06-20,2024,6,20,Thursday,25,Breakfast,Dosa,4.6,Sunny,20.3,False,False,False,False,False,True,800,533,63.2,205.2,164.03,41.18,20.07,120.09,24643.37,4945.18,12,88,4.64,3,0,0,-0.7907757369376986,-0.6121059825476627,1.2246467991473532e-16,-1.0,0.43388373911755823,-0.900968867902419,425.0,25.13,504.0,40.47,604.0,46.92,504.0,491.6666666666667,58.28664798505234,438.14285714285717,63.92294468454127,433.7857142857143,67.2997640542539,533.0,368.0,0,0,0,0,0.0,0.0,24,496.3488372093023,101.6197121205963,1,0,1558,519.3333333333334,34.21052631578947,2024-25,470.57142857142856,0,0,1,400.19463087248323,132.80536912751677,33.18519512317832,502.8914728682171,30.10852713178292,-6.197651006711411
2024-06-20,2024,6,20,Thursday,25,Dinner,Rice-Curd-Pickle,3.2,Sunny,20.3,False,False,False,False,False,True,800,404,52.17,155.54,132.45,23.09,14.85,88.88,13824.73,2052.28,9,60,3.36,3,0,0,-0.7907757369376986,-0.6121059825476627,1.2246467991473532e-16,-1.0,0.43388373911755823,-0.900968867902419,582.0,39.31,412.0,32.27,515.0,44.58,412.0,510.6666666666667,94.11340676722575,442.57142857142856,109.46971749127269,432.7857142857143,107.49538707199578,582.0,247.0,0,0,0,0,0.0,0.0,24,405.6046511627907,82.89641830819832,0,1,1558,519.3333333333334,25.930680359435172,2024-25,470.57142857142856,0,0,1,410.0973154362416,-6.097315436241615,-1.4867972080616005,502.8914728682171,-98.89147286821708,-6.197651006711411
2024-06-20,2024,6,20,Thursday,25,Lunch,Biryani,4.8,Sunny,20.3,False,False,False,False,False,True,800,621,79.25,239.09,187.69,51.39,21.49,132.51,31680.34,6809.58,11,48,4.86,3,0,0,-0.7907757369376986,-0.6121059825476627,1.2246467991473532e-16,-1.0,0.43388373911755823,-0.900968867902419,554.0,40.17,644.0,36.7,602.0,48.47,644.0,600.3333333333334,40.20364825899967,541.5714285714286,74.28067748492252,539.7857142857143,103.19151617739239,626.0,442.0,0,0,0,0,0.0,0.0,24,606.7209302325581,110.13462013143287,1,0,1558,519.3333333333334,39.858793324775355,2024-25,470.57142857142856,0,0,1,506.33557046979865,114.66442953020135,22.645936058533483,502.8914728682171,118.10852713178292,-6.197651006711411
2024-06-21,2024,6,21,Friday,25,Breakfast,Paratha-Curry,3.7,Rainy,26.1,False,False,False,False,False,True,800,430,52.05,165.55,131.65,33.9,20.48,139.05,23019.54,4713.66,11,76,3.7,4,0,1,-0.8978045395707417,-0.44039415155763423,1.2246467991473532e-16,-1.0,-0.433883739117558,-0.9009688679024191,533.0,41.18,397.0,29.28,365.0,31.05,397.0,462.6666666666667,60.96173663318162,442.85714285714283,61.556013980300285,438.42857142857144,64.36759132658933,533.0,368.0,0,0,0,0,0.0,26.1,24,367.85714285714283,69.70270367033623,0,0,1530,510.0,28.104575163398692,2024-25,470.57142857142856,0,0,1,400.19463087248323,29.80536912751677,7.447718392057554,432.13492063492066,-2.134920634920661,-0.39765100671140985
2024-06-21,2024,6,21,Friday,25,Dinner,Noodles,4.2,Rainy,26.1,False,False,False,False,False,True,800,534,61.13,205.59,173.72,31.87,15.5,133.82,27512.44,4265.43,11,77,4.33,4,0,1,-0.8978045395707417,-0.44039415155763423,1.2246467991473532e-16,-1.0,-0.433883739117558,-0.9009688679024191,404.0,23.09,467.0,29.88,385.0,28.61,467.0,506.6666666666667,92.09415471859923,452.14285714285717,114.76269511682007,443.42857142857144,109.75266899555699,582.0,247.0,0,0,0,0,0.0,26.1,24,427.35714285714283,84.50424189917749,0,0,1530,510.0,34.90196078431372,2024-25,470.57142857142856,0,0,1,410.0973154362416,123.90268456375838,30.21299576954234,432.13492063492066,101.86507936507934,-0.39765100671140985
2024-06-21,2024,6,21,Friday,25,Lunch,Chole-Bhature,4.5,Rainy,26.1,False,False,False,False,False,True,800,566,72.93,217.91,180.91,37.0,16.98,123.95,27009.27,4585.68,11,73,4.23,4,0,1,-0.8978045395707417,-0.44039415155763423,1.2246467991473532e-16,-1.0,-0.433883739117558,-0.9009688679024191,621.0,51.39,581.0,34.29,487.0,31.82,581.0,580.3333333333334,35.72580766523507,539.4285714285714,73.16159544200137,545.4285714285714,102.23857038674444,626.0,442.0,0,0,0,0,0.0,26.1,24,501.1904761904762,97.64825828507733,1,0,1530,510.0,36.993464052287585,2024-25,470.57142857142856,0,0,1,506.33557046979865,59.664429530201346,11.783574571867875,432.13492063492066,133.86507936507934,-0.39765100671140985
2024-06-22,2024,6,22,Saturday,25,Breakfast,Bread-Omelette,3.9,Cloudy,20.8,False,False,True,False,False,True,800,348,41.58,133.98,114.22,19.76,14.75,111.83,14982.81,2210.21,11,65,4.04,5,0,0,-0.9680771188662041,-0.2506525322587213,1.2246467991473532e-16,-1.0,-0.9749279121818236,-0.2225209339563146,430.0,33.9,368.0,30.38,333.0,18.37,368.0,437.0,92.6984358012586,440.0,65.9191423892438,439.5,62.57764407886848,533.0,348.0,0,0,0,0,3.9,0.0,24,320.9761904761905,53.05978592771122,0,0,1148,382.6666666666667,30.313588850174217,2024-25,470.57142857142856,1,1,0,400.19463087248323,-52.19463087248323,-13.042311626892959,361.4761904761905,-13.476190476190482,-5.697651006711411
2024-06-22,2024,6,22,Saturday,25,Dinner,Roti-Paneer,4.0,Cloudy,20.8,False,False,True,False,False,True,800,354,45.38,136.29,113.95,22.34,16.39,139.51,19013.47,3115.98,12,70,3.95,5,0,0,-0.9680771188662041,-0.2506525322587213,1.2246467991473532e-16,-1.0,-0.9749279121818236,-0.2225209339563146,534.0,31.87,447.0,24.55,325.0,27.47,447.0,430.6666666666667,92.91573243177528,438.85714285714283,120.68751464205482,445.5,107.59807690589129,582.0,247.0,0,0,0,0,4.0,0.0,49,468.32941176470587,145.08555671570826,0,0,1148,382.6666666666667,30.836236933797913,2024-25,470.57142857142856,1,1,0,410.0973154362416,-56.097315436241615,-13.679025276370806,361.4761904761905,-7.476190476190482,-5.697651006711411
2024-06-22,2024,6,22,Saturday,25,Lunch,Fried Rice,4.2,Cloudy,20.8,False,False,True,False,False,True,800,446,53.3,171.71,146.25,25.46,14.83,139.3,23919.5,3546.81,8,74,4.28,5,0,0,-0.9680771188662041,-0.2506525322587213,1.2246467991473532e-16,-1.0,-0.9749279121818236,-0.2225209339563146,566.0,37.0,458.0,33.29,382.0,20.48,458.0,544.3333333333334,89.4892917243922,537.7142857142857,75.49109061276562,550.0,95.58322994204511,626.0,442.0,0,0,0,0,4.2,0.0,24,414.14285714285717,69.65159687857265,0,0,1148,382.6666666666667,38.850174216027874,2024-25,470.57142857142856,1,1,0,506.33557046979865,-60.335570469798654,-11.91612321722072,361.4761904761905,84.52380952380952,-5.697651006711411
2024-06-23,2024,6,23,Sunday,25,Breakfast,Puri-Bhaji,4.3,Rainy,25.0,False,False,True,False,False,True,800,321,44.66,123.59,97.88,25.71,20.8,98.8,12209.9,2539.82,10,66,4.31,6,0,0,-0.9987165071710528,-0.05064916883871355,1.2246467991473532e-16,-1.0,-0.7818314824680299,0.6234898018587334,348.0,19.76,388.0,22.52,404.0,21.44,388.0,366.3333333333333,56.76559991168401,430.42857142857144,78.40887947772524,433.57142857142856,69.72331503407352,533.0,321.0,0,0,1,0,4.3,25.0,24,316.2857142857143,54.82089939478339,1,0,1110,370.0,28.91891891891892,2024-25,470.57142857142856,1,1,0,400.19463087248323,-79.19463087248323,-19.78902882825471,334.6984126984127,-13.69841269841271,-1.4976510067114113
2024-06-23,2024,6,23,Sunday,25,Dinner,Khichdi,3.0,Rainy,25.0,False,False,True,False,False,True,800,292,37.12,112.42,87.34,25.08,22.31,123.83,13921.26,3105.78,11,46,3.21,6,0,0,-0.9987165071710528,-0.05064916883871355,1.2246467991473532e-16,-1.0,-0.7818314824680299,0.6234898018587334,354.0,22.34,247.0,18.08,261.0,18.1,247.0,393.3333333333333,125.70335450310482,445.2857142857143,109.43904587442623,447.7142857142857,103.75965465471573,582.0,292.0,0,0,1,0,3.0,25.0,24,265.14285714285717,46.54165269454953,0,1,1110,370.0,26.306306306306304,2024-25,470.57142857142856,1,1,0,410.0973154362416,-118.09731543624162,-28.797388081074228,334.6984126984127,-42.69841269841271,-1.4976510067114113
2024-06-23,2024,6,23,Sunday,25,Lunch,Rice-Chicken,4.7,Rainy,25.0,False,False,True,False,False,True,800,497,57.97,191.34,150.13,41.22,21.54,139.67,26725.08,5756.6,10,88,4.68,6,0,0,-0.9987165071710528,-0.05064916883871355,1.2246467991473532e-16,-1.0,-0.7818314824680299,0.6234898018587334,446.0,25.46,509.0,41.06,453.0,32.81,509.0,503.0,60.224579699654534,536.0,76.38280783876277,553.1428571428571,92.83223672746551,626.0,442.0,0,0,1,0,4.7,25.0,24,422.6666666666667,73.28350117670038,1,0,1110,370.0,44.77477477477477,2024-25,470.57142857142856,1,1,0,506.33557046979865,-9.335570469798654,-1.8437516568580663,334.6984126984127,162.3015873015873,-1.4976510067114113
2024-06-24,2024,6,24,Monday,26,Breakfast,Idli-Sambar,3.9,Sunny,22.4,False,False,False,False,False,True,800,491,56.7,189.03,153.66,35.38,18.72,80.05,15131.74,2831.99,11,57,4.23,0,1,0,-0.9884683243281114,0.15142777750457667,1.2246467991473532e-16,-1.0,0.0,1.0,321.0,25.71,439.0,26.18,487.0,29.45,439.0,386.6666666666667,91.35826910210912,437.85714285714283,81.7484527303703,433.85714285714283,69.96686814030366,533.0,321.0,0,0,0,0,0.0,0.0,25,457.4418604651163,63.9487526687177,0,0,1344,448.0,36.532738095238095,2024-26,474.23809523809524,0,0,1,400.19463087248323,90.80536912751677,22.69030169883781,459.8062015503876,31.193798449612416,-4.097651006711413
2024-06-24,2024,6,24,Monday,26,Dinner,Roti-Dal,3.3,Sunny,22.4,False,False,False,False,False,True,800,383,54.0,147.45,125.69,21.76,14.76,86.53,12759.84,1883.13,10,61,3.4,0,1,0,-0.9884683243281114,0.15142777750457667,1.2246467991473532e-16,-1.0,0.0,1.0,292.0,25.08,405.0,33.83,472.0,25.76,405.0,343.0,46.486557196676635,442.14285714285717,111.09219680281869,441.35714285714283,104.8776629021839,582.0,292.0,0,0,0,0,0.0,0.0,25,427.6744186046512,62.5028460038621,0,0,1344,448.0,28.497023809523807,2024-26,474.23809523809524,0,0,1,410.0973154362416,-27.097315436241615,-6.607532996751468,459.8062015503876,-76.80620155038758,-4.097651006711413
2024-06-24,2024,6,24,Monday,26,Lunch,Rice-Dal-Sabzi,3.4,Sunny,22.4,False,False,False,False,False,True,800,470,62.47,180.95,154.78,26.17,14.46,141.75,25649.72,3708.93,10,55,3.82,0,1,0,-0.9884683243281114,0.15142777750457667,1.2246467991473532e-16,-1.0,0.0,1.0,497.0,41.22,442.0,34.21,430.0,37.26,442.0,471.0,25.514701644347085,540.0,71.19691004531043,556.0,89.2989792344107,626.0,446.0,0,0,0,0,0.0,0.0,25,494.30232558139534,69.65374733833367,0,0,1344,448.0,34.970238095238095,2024-26,474.23809523809524,0,0,1,506.33557046979865,-36.335570469798654,-7.176183659403,459.8062015503876,10.193798449612416,-4.097651006711413
2024-06-25,2024,6,25,Tuesday,26,Breakfast,Poha,3.7,Cloudy,19.3,False,False,False,False,False,True,800,476,56.78,183.26,152.42,30.84,16.83,83.63,15325.14,2578.93,10,89,3.98,1,0,0,-0.9377521321470804,0.3473052528448203,1.2246467991473532e-16,-1.0,0.7818314824680298,0.6234898018587336,491.0,35.38,517.0,31.49,526.0,37.13,517.0,429.3333333333333,94.118719356637,432.0,76.4286159323417,430.2857142857143,66.06922776257385,533.0,321.0,0,0,0,0,0.0,0.0,25,435.7906976744186,71.04142257113264,0,0,1564,521.3333333333334,30.434782608695656,2024-26,474.23809523809524,0,0,1,400.19463087248323,75.80536912751677,18.942125475859058,506.13953488372096,-30.139534883720955,-7.197651006711411
2024-06-25,2024,6,25,Tuesday,26,Dinner,Rice-Rajma,3.8,Cloudy,19.3,False,False,False,False,False,True,800,565,62.01,217.53,169.63,47.9,22.02,121.56,26441.81,5822.15,12,88,3.91,1,0,0,-0.9377521321470804,0.3473052528448203,1.2246467991473532e-16,-1.0,0.7818314824680298,0.6234898018587336,383.0,21.76,546.0,41.11,594.0,38.5,546.0,413.3333333333333,139.00479608032686,444.85714285714283,114.24013972247027,439.2857142857143,101.87430307184228,582.0,292.0,0,0,0,0,0.0,0.0,25,498.04651162790697,86.12475820364762,0,0,1564,521.3333333333334,36.12531969309463,2024-26,474.23809523809524,0,0,1,410.0973154362416,154.90268456375838,37.77217717189405,506.13953488372096,58.860465116279045,-7.197651006711411
2024-06-25,2024,6,25,Tuesday,26,Lunch,Roti-Paneer,4.0,Cloudy,19.3,False,False,False,False,False,True,800,523,72.93,201.35,163.45,37.91,18.83,86.38,17393.84,3274.42,8,45,3.95,1,0,0,-0.9377521321470804,0.3473052528448203,1.2246467991473532e-16,-1.0,0.7818314824680298,0.6234898018587336,470.0,26.17,626.0,36.59,735.0,62.58,626.0,496.6666666666667,26.501572280402076,525.2857142857143,60.26528654129828,540.8571428571429,73.11935147715401,621.0,446.0,0,0,0,0,0.0,0.0,50,468.32941176470587,145.08555671570826,0,0,1564,521.3333333333334,33.43989769820972,2024-26,474.23809523809524,0,0,1,506.33557046979865,16.664429530201346,3.2911828641111294,506.13953488372096,16.860465116279045,-7.197651006711411
2024-06-26,2024,6,26,Wednesday,26,Breakfast,Upma,3.5,Rainy,17.8,False,False,False,False,False,True,800,531,58.52,204.44,164.36,40.08,19.6,88.44,18080.55,3544.49,11,89,3.56,2,0,0,-0.8486442574947509,0.5289640103269624,1.2246467991473532e-16,-1.0,0.9749279121818236,-0.22252093395631434,476.0,30.84,425.0,25.13,387.0,29.38,425.0,499.3333333333333,28.43120351538804,447.14285714285717,84.84776282933407,440.57142857142856,69.90951765919048,533.0,321.0,0,0,0,0,0.0,17.8,25,402.1162790697674,78.48482088680939,0,1,1675,558.3333333333334,31.70149253731343,2024-26,474.23809523809524,0,0,1,400.19463087248323,130.80536912751677,32.68543829344782,470.6046511627907,60.395348837209326,-8.69765100671141
2024-06-26,2024,6,26,Wednesday,26,Dinner,Paratha-Paneer,4.1,Rainy,17.8,False,False,False,False,False,True,800,556,70.22,214.06,182.55,31.51,14.72,89.6,19179.57,2822.9,9,86,4.37,2,0,0,-0.8486442574947509,0.5289640103269624,1.2246467991473532e-16,-1.0,0.9749279121818236,-0.22252093395631434,565.0,47.9,582.0,39.31,512.0,33.8,582.0,501.3333333333333,102.57842528199235,441.14285714285717,109.35634194599567,442.42857142857144,104.92320582635216,565.0,292.0,0,0,0,0,0.0,17.8,25,493.16279069767444,94.51730258140397,0,0,1675,558.3333333333334,33.19402985074627,2024-26,474.23809523809524,0,0,1,410.0973154362416,145.90268456375838,35.57757611959839,470.6046511627907,85.39534883720933,-8.69765100671141
2024-06-26,2024,6,26,Wednesday,26,Lunch,Rice-Sambar,3.6,Rainy,17.8,False,False,False,False,False,True,800,588,72.48,226.38,176.39,49.99,22.08,106.81,24180.76,5339.93,8,51,3.71,2,0,0,-0.8486442574947509,0.5289640103269624,1.2246467991473532e-16,-1.0,0.9749279121818236,-0.22252093395631434,523.0,37.91,554.0,40.17,635.0,41.57,554.0,527.0,59.101607423149105,530.1428571428571,64.20651205661477,537.5,69.45142187169407,621.0,446.0,0,0,0,0,0.0,17.8,25,516.5348837209302,108.15494811506254,0,0,1675,558.3333333333334,35.1044776119403,2024-26,474.23809523809524,0,0,1,506.33557046979865,81.66442953020135,16.12851916653412,470.6046511627907,117.39534883720933,-8.69765100671141
2024-06-27,2024,6,27,Thursday,26,Breakfast,Dosa,4.6,Rainy,22.4,False,False,False,False,False,True,800,573,69.52,220.6,181.11,39.5,17.9,80.59,17779.27,3183.28,9,73,4.43,3,0,0,-0.72479278722912,0.6889669190756865,1.2246467991473532e-16,-1.0,0.43388373911755823,-0.900968867902419,531.0,40.08,533.0,41.18,504.0,40.47,533.0,526.6666666666666,48.64497233356617,452.85714285714283,92.5876675938878,445.5,76.81621423391533,573.0,321.0,0,0,0,0,0.0,22.4,25,496.3488372093023,101.6197121205963,1,0,1766,588.6666666666666,32.44620611551529,2024-26,474.23809523809524,0,0,1,400.19463087248323,172.80536912751677,43.18033171778832,502.8914728682171,70.10852713178292,-4.097651006711413
2024-06-27,2024,6,27,Thursday,26,Dinner,Rice-Curd-Pickle,3.2,Rainy,22.4,False,False,False,False,False,True,800,499,57.39,192.11,163.47,28.64,14.91,86.07,16534.99,2465.27,8,53,3.63,3,0,0,-0.72479278722912,0.6889669190756865,1.2246467991473532e-16,-1.0,0.43388373911755823,-0.900968867902419,556.0,31.51,404.0,23.09,412.0,32.27,404.0,540.0,35.79106033634614,454.7142857142857,109.8722201555278,448.64285714285717,105.55684370398343,565.0,292.0,0,0,0,0,0.0,22.4,25,405.6046511627907,82.89641830819832,0,1,1766,588.6666666666666,28.2559456398641,2024-26,474.23809523809524,0,0,1,410.0973154362416,88.90268456375838,21.678436121725895,502.8914728682171,-3.891472868217079,-4.097651006711413
2024-06-27,2024,6,27,Thursday,26,Lunch,Biryani,4.8,Rainy,22.4,False,False,False,False,False,True,800,694,87.18,267.19,211.64,55.55,20.79,132.38,35370.3,7353.63,11,84,4.72,3,0,0,-0.72479278722912,0.6889669190756865,1.2246467991473532e-16,-1.0,0.43388373911755823,-0.900968867902419,588.0,49.99,621.0,51.39,644.0,36.7,621.0,601.6666666666666,86.31531343471639,540.5714285714286,84.22956160172676,541.0714285714286,76.29745865887162,694.0,446.0,0,0,0,0,0.0,22.4,25,606.7209302325581,110.13462013143287,1,0,1766,588.6666666666666,39.29784824462061,2024-26,474.23809523809524,0,0,1,506.33557046979865,187.66442953020135,37.06325221356238,502.8914728682171,191.10852713178292,-4.097651006711413
2024-06-28,2024,6,28,Friday,26,Breakfast,Paratha-Curry,3.7,Cloudy,24.3,False,False,False,False,False,True,800,382,47.32,147.07,118.78,28.29,19.24,147.43,21682.15,4170.79,10,53,3.75,4,0,1,-0.5712682150947924,0.8207634412072763,1.2246467991473532e-16,-1.0,-0.433883739117558,-0.9009688679024191,573.0,39.5,430.0,33.9,397.0,29.28,430.0,495.3333333333333,100.37097854127666,446.0,96.26698984248651,444.42857142857144,77.64486637714873,573.0,321.0,0,0,0,0,0.0,0.0,25,367.85714285714283,69.70270367033623,0,0,1337,445.6666666666667,28.57142857142857,2024-26,474.23809523809524,0,0,1,400.19463087248323,-18.19463087248323,-4.546445521474453,432.13492063492066,-50.13492063492066,-2.1976510067114106
2024-06-28,2024,6,28,Friday,26,Dinner,Noodles,4.2,Cloudy,24.3,False,False,False,False,False,True,800,441,55.58,169.78,135.6,34.19,20.14,145.89,24769.86,4987.93,8,87,4.38,4,0,1,-0.5712682150947924,0.8207634412072763,1.2246467991473532e-16,-1.0,-0.433883739117558,-0.9009688679024191,499.0,28.64,534.0,31.87,467.0,29.88,534.0,498.6666666666667,57.500724633114714,441.42857142857144,104.1615046340012,446.7857142857143,105.43768015090397,565.0,292.0,0,0,0,0,0.0,0.0,25,427.35714285714283,84.50424189917749,0,0,1337,445.6666666666667,32.98429319371728,2024-26,474.23809523809524,0,0,1,410.0973154362416,30.902684563758385,7.535451562487213,432.13492063492066,8.865079365079339,-2.1976510067114106
2024-06-28,2024,6,28,Friday,26,Lunch,Chole-Bhature,4.5,Cloudy,24.3,False,False,False,False,False,True,800,514,66.3,197.89,164.51,33.38,16.87,97.37,19268.88,3250.1,12,83,4.52,4,0,1,-0.5712682150947924,0.8207634412072763,1.2246467991473532e-16,-1.0,-0.433883739117558,-0.9009688679024191,694.0,55.55,566.0,37.0,581.0,34.29,566.0,598.6666666666666,90.47283201786784,533.1428571428571,83.90555915517687,536.2857142857143,75.69923134598959,694.0,446.0,0,0,0,0,0.0,0.0,25,501.1904761904762,97.64825828507733,1,0,1337,445.6666666666667,38.44427823485415,2024-26,474.23809523809524,0,0,1,506.33557046979865,7.664429530201346,1.513705529929485,432.13492063492066,81.86507936507934,-2.1976510067114106
2024-06-29,2024,6,29,Saturday,26,Breakfast,Bread-Omelette,3.9,Rainy,24.9,False,False,True,False,False,True,800,315,45.74,121.28,100.4,20.87,17.21,93.21,11303.47,1945.3,11,63,4.07,5,0,0,-0.3943558551133187,0.9189578116202306,1.2246467991473532e-16,-1.0,-0.9749279121818236,-0.2225209339563146,382.0,28.29,348.0,19.76,368.0,30.38,348.0,423.3333333333333,133.8743191703824,441.2857142857143,102.4739223505416,440.64285714285717,82.78016033479852,573.0,315.0,0,0,1,0,3.9,24.9,25,320.9761904761905,53.05978592771122,0,0,1154,384.6666666666667,27.29636048526863,2024-26,474.23809523809524,1,1,0,400.19463087248323,-85.19463087248323,-21.28829931744621,361.4761904761905,-46.47619047619048,-1.5976510067114127
2024-06-29,2024,6,29,Saturday,26,Dinner,Roti-Paneer,4.0,Rainy,24.9,False,False,True,False,False,True,800,422,49.91,162.47,129.11,33.36,20.54,124.67,20254.45,4159.38,8,78,4.25,5,0,0,-0.3943558551133187,0.9189578116202306,1.2246467991473532e-16,-1.0,-0.9749279121818236,-0.2225209339563146,441.0,34.19,354.0,22.34,447.0,24.55,354.0,454.0,40.1123422402623,451.14285714285717,97.61391391843786,445.0,105.64527001680204,565.0,292.0,0,0,1,0,4.0,24.9,51,468.32941176470587,145.08555671570826,0,0,1154,384.6666666666667,36.56845753899481,2024-26,474.23809523809524,1,1,0,410.0973154362416,11.902684563758385,2.9024048965297142,361.4761904761905,60.52380952380952,-1.5976510067114127
2024-06-29,2024,6,29,Saturday,26,Lunch,Fried Rice,4.2,Rainy,24.9,False,False,True,False,False,True,800,417,58.62,160.54,135.5,25.05,15.6,135.56,21764.2,3395.61,9,76,4.16,5,0,0,-0.3943558551133187,0.9189578116202306,1.2246467991473532e-16,-1.0,-0.9749279121818236,-0.2225209339563146,514.0,33.38,446.0,25.46,458.0,33.29,446.0,541.6666666666666,140.55722440818673,529.0,89.45762497778875,533.3571428571429,79.65078312701816,694.0,417.0,0,0,1,0,4.2,24.9,25,414.14285714285717,69.65159687857265,0,0,1154,384.6666666666667,36.13518197573657,2024-26,474.23809523809524,1,1,0,506.33557046979865,-89.33557046979865,-17.64355018291713,361.4761904761905,55.52380952380952,-1.5976510067114127
2024-06-30,2024,6,30,Sunday,26,Breakfast,Puri-Bhaji,4.3,Rainy,24.5,False,False,True,False,False,True,800,351,44.66,135.13,108.86,26.28,19.44,102.15,13804.46,2684.22,11,81,4.25,6,0,0,-0.20129852008866114,0.9795299412524943,1.2246467991473532e-16,-1.0,-0.7818314824680299,0.6234898018587334,315.0,20.87,321.0,25.71,388.0,22.52,321.0,349.3333333333333,33.531080109853505,445.57142857142856,97.09077735613778,438.0,85.14693182963204,573.0,315.0,0,0,1,0,4.3,24.5,25,316.2857142857143,54.82089939478339,1,0,1119,373.0,31.36729222520107,2024-26,474.23809523809524,1,1,0,400.19463087248323,-49.19463087248323,-12.292676382297206,334.6984126984127,16.30158730158729,-1.9976510067114113
2024-06-30,2024,6,30,Sunday,26,Dinner,Khichdi,3.0,Rainy,24.5,False,False,True,False,False,True,800,305,37.12,117.43,91.46,25.97,22.11,98.35,11549.1,2553.89,8,48,3.58,6,0,0,-0.20129852008866114,0.9795299412524943,1.2246467991473532e-16,-1.0,-0.7818314824680299,0.6234898018587334,422.0,33.36,292.0,25.08,247.0,18.08,292.0,389.3333333333333,73.65007354601376,453.0,94.14350747661787,449.14285714285717,98.15518101679348,565.0,305.0,0,0,1,0,3.0,24.5,25,265.14285714285717,46.54165269454953,0,1,1119,373.0,27.256478999106342,2024-26,474.23809523809524,1,1,0,410.0973154362416,-105.09731543624162,-25.627408783313832,334.6984126984127,-29.69841269841271,-1.9976510067114113
2024-06-30,2024,6,30,Sunday,26,Lunch,Rice-Chicken,4.7,Rainy,24.5,False,False,True,False,False,True,800,463,57.97,178.25,146.6,31.66,17.76,92.09,16416.2,2915.58,11,49,4.35,6,0,0,-0.20129852008866114,0.9795299412524943,1.2246467991473532e-16,-1.0,-0.7818314824680299,0.6234898018587334,417.0,25.05,497.0,41.22,509.0,41.06,497.0,464.6666666666667,48.521472909768626,524.1428571428571,92.36057703628867,530.0714285714286,81.65637596822286,694.0,417.0,0,0,1,0,4.7,24.5,25,422.6666666666667,73.28350117670038,1,0,1119,373.0,41.37622877569258,2024-26,474.23809523809524,1,1,0,506.33557046979865,-43.335570469798654,-8.558666030433168,334.6984126984127,128.3015873015873,-1.9976510067114113
2024-07-01,2024,7,1,Monday,27,Breakfast,Idli-Sambar,3.9,Rainy,22.4,False,False,False,False,False,True,800,466,62.37,179.41,143.31,36.1,20.12,129.88,23302.49,4689.12,11,72,4.1,0,1,0,0.20129852008866006,0.9795299412524945,-0.4999999999999997,-0.8660254037844388,0.0,1.0,351.0,26.28,491.0,35.38,439.0,26.18,491.0,377.3333333333333,78.86908984724886,442.0,95.58939969124924,439.92857142857144,85.47646035444659,573.0,315.0,0,0,0,0,0.0,22.4,26,457.4418604651163,63.9487526687177,0,0,1460,486.6666666666667,31.917808219178085,2024-27,471.0952380952381,0,0,1,400.19463087248323,65.80536912751677,16.44334132720656,459.8062015503876,6.193798449612416,-4.097651006711413
2024-07-01,2024,7,1,Monday,27,Dinner,Roti-Dal,3.3,Rainy,22.4,False,False,False,False,False,True,800,437,59.4,168.25,134.75,33.5,19.91,115.79,19481.31,3878.72,9,54,3.6,0,1,0,0.20129852008866006,0.9795299412524945,-0.4999999999999997,-0.8660254037844388,0.0,1.0,305.0,25.97,383.0,21.76,405.0,33.83,383.0,388.0,72.27032586061794,460.7142857142857,89.55205987899681,451.42857142857144,97.4179846653772,565.0,305.0,0,0,0,0,0.0,22.4,26,427.6744186046512,62.5028460038621,0,0,1460,486.6666666666667,29.93150684931507,2024-27,471.0952380952381,0,0,1,410.0973154362416,26.902684563758385,6.560073317022478,459.8062015503876,-22.806201550387584,-4.097651006711413
2024-07-01,2024,7,1,Monday,27,Lunch,Rice-Dal-Sabzi,3.4,Rainy,22.4,False,False,False,False,False,True,800,557,68.72,214.44,167.31,47.13,21.98,117.56,25210.05,5540.65,12,54,3.55,0,1,0,0.20129852008866006,0.9795299412524945,-0.4999999999999997,-0.8660254037844388,0.0,1.0,463.0,31.66,470.0,26.17,442.0,34.21,470.0,479.0,71.35825109964559,536.5714285714286,89.67507484033163,538.2857142857143,77.80886697684144,694.0,417.0,0,0,0,0,0.0,22.4,26,494.30232558139534,69.65374733833367,0,0,1460,486.6666666666667,38.15068493150685,2024-27,471.0952380952381,0,0,1,506.33557046979865,50.664429530201346,10.006097237686232,459.8062015503876,97.19379844961242,-4.097651006711413
2024-07-02,2024,7,2,Tuesday,27,Breakfast,Poha,3.7,Rainy,25.2,False,False,False,False,False,True,800,431,62.46,165.94,137.79,28.14,16.96,138.42,22968.2,3895.63,8,64,3.95,1,0,0,0.39435585511331855,0.9189578116202306,-0.4999999999999997,-0.8660254037844388,0.7818314824680298,0.6234898018587336,466.0,36.1,476.0,30.84,517.0,31.49,476.0,416.0,58.94913061275867,435.57142857142856,94.42785101663128,433.7857142857143,82.5517819510682,573.0,315.0,0,0,0,0,0.0,25.2,26,435.7906976744186,71.04142257113264,0,0,1689,563.0,25.51805802249852,2024-27,471.0952380952381,0,0,1,400.19463087248323,30.80536912751677,7.697596806922803,506.13953488372096,-75.13953488372096,-1.297651006711412
2024-07-02,2024,7,2,Tuesday,27,Dinner,Rice-Rajma,3.8,Rainy,25.2,False,False,False,False,False,True,800,565,68.21,217.53,176.68,40.85,18.78,111.74,24305.38,4563.92,12,48,3.85,1,0,0,0.39435585511331855,0.9189578116202306,-0.4999999999999997,-0.8660254037844388,0.7818314824680298,0.6234898018587336,437.0,33.5,565.0,47.9,546.0,41.11,565.0,435.6666666666667,130.00512810398388,460.7142857142857,89.55205987899681,452.7857142857143,98.95700587118094,565.0,305.0,0,0,0,0,0.0,25.2,26,498.04651162790697,86.12475820364762,0,0,1689,563.0,33.45174659561871,2024-27,471.0952380952381,0,0,1,410.0973154362416,154.90268456375838,37.77217717189405,506.13953488372096,58.860465116279045,-1.297651006711412
2024-07-02,2024,7,2,Tuesday,27,Lunch,Roti-Paneer,4.0,Rainy,25.2,False,False,False,False,False,True,800,693,80.22,266.81,223.87,42.93,16.09,139.25,37153.33,5978.45,8,60,3.89,1,0,0,0.39435585511331855,0.9189578116202306,-0.4999999999999997,-0.8660254037844388,0.7818314824680298,0.6234898018587336,557.0,47.13,523.0,37.91,626.0,36.59,523.0,571.0,115.63736420379026,560.8571428571429,106.77613430511008,543.0714285714286,85.31702353864985,694.0,417.0,0,0,0,0,0.0,25.2,52,468.32941176470587,145.08555671570826,0,0,1689,563.0,41.03019538188277,2024-27,471.0952380952381,0,0,1,506.33557046979865,186.66442953020135,36.86575473198664,506.13953488372096,186.86046511627904,-1.297651006711412
2024-07-03,2024,7,3,Wednesday,27,Breakfast,Upma,3.5,Cloudy,24.8,False,False,False,False,False,True,800,458,53.2,176.33,148.13,28.2,15.99,88.36,15580.7,2491.98,9,89,3.51,2,0,0,0.5712682150947923,0.8207634412072763,-0.4999999999999997,-0.8660254037844388,0.9749279121818236,-0.22252093395631434,431.0,28.14,531.0,40.08,425.0,25.13,531.0,451.6666666666667,18.33939293797411,425.14285714285717,85.76601613581911,436.14285714285717,82.75251066872852,573.0,315.0,0,0,0,0,0.0,0.0,26,402.1162790697674,78.48482088680939,0,1,1606,535.3333333333334,28.51805728518057,2024-27,471.0952380952381,0,0,1,400.19463087248323,57.80536912751677,14.444314008284556,470.6046511627907,-12.604651162790674,-1.6976510067114106
2024-07-03,2024,7,3,Wednesday,27,Dinner,Paratha-Paneer,4.1,Cloudy,24.8,False,False,False,False,False,True,800,551,63.84,212.14,166.37,45.76,21.57,134.68,28570.06,6163.52,10,52,4.27,2,0,0,0.5712682150947923,0.8207634412072763,-0.4999999999999997,-0.8660254037844388,0.9749279121818236,-0.22252093395631434,565.0,40.85,556.0,31.51,582.0,39.31,556.0,517.6666666666666,70.20921117156422,460.0,88.68107652331098,450.57142857142856,96.15029443989785,565.0,305.0,0,0,0,0,0.0,0.0,26,493.16279069767444,94.51730258140397,0,0,1606,535.3333333333334,34.308841843088416,2024-27,471.0952380952381,0,0,1,410.0973154362416,140.90268456375838,34.35835331276747,470.6046511627907,80.39534883720933,-1.6976510067114106
2024-07-03,2024,7,3,Wednesday,27,Lunch,Rice-Sambar,3.6,Cloudy,24.8,False,False,False,False,False,True,800,597,65.89,229.84,187.98,41.86,18.21,104.27,23965.79,4365.23,12,61,3.65,2,0,0,0.5712682150947923,0.8207634412072763,-0.4999999999999997,-0.8660254037844388,0.9749279121818236,-0.22252093395631434,693.0,42.93,588.0,49.99,554.0,40.17,588.0,615.6666666666666,69.89515958443293,562.1428571428571,107.21074040012458,546.1428571428571,86.50643119076561,694.0,417.0,0,0,0,0,0.0,0.0,26,516.5348837209302,108.15494811506254,0,0,1606,535.3333333333334,37.17310087173101,2024-27,471.0952380952381,0,0,1,506.33557046979865,90.66442953020135,17.905996500715762,470.6046511627907,126.39534883720933,-1.6976510067114106
2024-07-04,2024,7,4,Thursday,27,Breakfast,Dosa,4.6,Rainy,18.5,False,False,False,False,False,True,800,499,69.52,192.11,162.55,29.57,15.39,99.04,19026.81,2928.21,8,61,4.59,3,0,0,0.72479278722912,0.6889669190756866,-0.4999999999999997,-0.8660254037844388,0.43388373911755823,-0.900968867902419,458.0,28.2,573.0,39.5,533.0,41.18,573.0,462.6666666666667,34.23935357645372,414.57142857142856,67.01456842323493,433.7142857142857,80.14931121296111,499.0,315.0,0,0,0,0,0.0,18.5,26,496.3488372093023,101.6197121205963,1,0,1620,540.0,30.80246913580247,2024-27,471.0952380952381,0,0,1,400.19463087248323,98.80536912751677,24.68932901775981,502.8914728682171,-3.891472868217079,-7.997651006711411
2024-07-04,2024,7,4,Thursday,27,Dinner,Rice-Curd-Pickle,3.2,Rainy,18.5,False,False,False,False,False,True,800,459,57.39,176.72,144.58,32.14,18.19,119.68,21149.61,3846.13,10,55,3.4,3,0,0,0.72479278722912,0.6889669190756866,-0.4999999999999997,-0.8660254037844388,0.43388373911755823,-0.900968867902419,551.0,45.76,499.0,28.64,404.0,23.09,499.0,525.0,57.58472019555161,454.2857142857143,87.02243826683303,454.5,95.22019016671067,565.0,305.0,0,0,0,0,0.0,18.5,26,405.6046511627907,82.89641830819832,0,1,1620,540.0,28.333333333333332,2024-27,471.0952380952381,0,0,1,410.0973154362416,48.902684563758385,11.924653667078527,502.8914728682171,-43.89147286821708,-7.997651006711411
2024-07-04,2024,7,4,Thursday,27,Lunch,Biryani,4.8,Rainy,18.5,False,False,False,False,False,True,800,662,87.18,254.87,210.31,44.56,17.48,85.39,21764.6,3805.54,11,77,4.57,3,0,0,0.72479278722912,0.6889669190756866,-0.4999999999999997,-0.8660254037844388,0.43388373911755823,-0.900968867902419,597.0,41.86,694.0,55.55,621.0,51.39,694.0,650.6666666666666,48.99319680663152,557.5714285714286,101.16299907057137,549.0714285714286,89.86439723333105,693.0,417.0,0,0,0,0,0.0,18.5,26,606.7209302325581,110.13462013143287,1,0,1620,540.0,40.864197530864196,2024-27,471.0952380952381,0,0,1,506.33557046979865,155.66442953020135,30.743332803138752,502.8914728682171,159.10852713178292,-7.997651006711411
2024-07-05,2024,7,5,Friday,27,Breakfast,Paratha-Curry,3.7,Rainy,25.6,False,False,False,False,False,True,800,391,52.05,150.53,124.18,26.36,17.51,130.59,19659.04,3442.28,9,77,3.64,4,0,1,0.8486442574947509,0.5289640103269624,-0.4999999999999997,-0.8660254037844388,-0.433883739117558,-0.9009688679024191,499.0,29.57,382.0,28.29,430.0,33.9,382.0,449.3333333333333,54.51910979953188,415.85714285714283,66.36873905544371,430.92857142857144,80.96197045119803,499.0,315.0,0,0,0,0,0.0,25.6,26,367.85714285714283,69.70270367033623,0,0,1441,480.3333333333333,27.133934767522554,2024-27,471.0952380952381,0,0,1,400.19463087248323,-9.19463087248323,-2.2975397876872012,432.13492063492066,-41.13492063492066,-0.8976510067114098
2024-07-05,2024,7,5,Friday,27,Dinner,Noodles,4.2,Rainy,25.6,False,False,False,False,False,True,800,459,61.13,176.72,151.34,25.38,14.36,92.53,16350.96,2348.26,8,80,4.35,4,0,1,0.8486442574947509,0.5289640103269624,-0.4999999999999997,-0.8660254037844388,-0.433883739117558,-0.9009688679024191,459.0,32.14,441.0,34.19,534.0,31.87,441.0,489.6666666666667,53.116224765445175,456.85714285714283,86.83015714874755,449.14285714285717,92.47357804996284,565.0,305.0,0,0,0,0,0.0,25.6,26,427.35714285714283,84.50424189917749,0,0,1441,480.3333333333333,31.852879944482996,2024-27,471.0952380952381,0,0,1,410.0973154362416,48.902684563758385,11.924653667078527,432.13492063492066,26.86507936507934,-0.8976510067114098
2024-07-05,2024,7,5,Friday,27,Lunch,Chole-Bhature,4.5,Rainy,25.6,False,False,False,False,False,True,800,591,72.93,227.54,193.58,33.95,14.92,80.86,18398.52,2745.24,8,75,4.36,4,0,1,0.8486442574947509,0.5289640103269624,-0.4999999999999997,-0.8660254037844388,-0.433883739117558,-0.9009688679024191,662.0,44.56,514.0,33.38,566.0,37.0,514.0,616.6666666666666,39.37427248005157,568.5714285714286,99.81292024391982,550.8571428571429,90.47299396705442,693.0,417.0,0,0,0,0,0.0,25.6,26,501.1904761904762,97.64825828507733,1,0,1441,480.3333333333333,41.013185287994446,2024-27,471.0952380952381,0,0,1,506.33557046979865,84.66442953020135,16.721011611261332,432.13492063492066,158.86507936507934,-0.8976510067114098
2024-07-06,2024,7,6,Saturday,27,Breakfast,Bread-Omelette,3.9,Cloudy,22.2,False,False,True,False,False,True,800,294,41.58,113.19,94.21,18.98,16.77,95.72,10834.1,1816.48,9,71,4.19,5,0,0,0.9377521321470804,0.3473052528448203,-0.4999999999999997,-0.8660254037844388,-0.9749279121818236,-0.2225209339563146,391.0,26.36,315.0,20.87,348.0,19.76,315.0,394.6666666666667,102.54917519577334,412.85714285714283,71.92919799225888,427.07142857142856,86.32538113771308,499.0,294.0,0,0,0,0,3.9,0.0,26,320.9761904761905,53.05978592771122,0,0,1011,337.0,29.080118694362017,2024-27,471.0952380952381,1,1,0,400.19463087248323,-106.19463087248323,-26.535746029616465,361.4761904761905,-67.47619047619048,-4.297651006711412
2024-07-06,2024,7,6,Saturday,27,Dinner,Roti-Paneer,4.0,Cloudy,22.2,False,False,True,False,False,True,800,323,45.38,124.36,103.7,20.65,16.61,83.69,10406.9,1728.18,9,78,4.29,5,0,0,0.9377521321470804,0.3473052528448203,-0.4999999999999997,-0.8660254037844388,-0.9749279121818236,-0.2225209339563146,459.0,25.38,422.0,33.36,354.0,22.34,422.0,413.6666666666667,78.51963660978872,442.7142857142857,100.44851796768715,446.92857142857144,95.25630549346154,565.0,305.0,0,0,0,0,4.0,0.0,53,468.32941176470587,145.08555671570826,0,0,1011,337.0,31.948565776458953,2024-27,471.0952380952381,1,1,0,410.0973154362416,-87.09731543624162,-21.23820667872252,361.4761904761905,-38.47619047619048,-4.297651006711412
2024-07-06,2024,7,6,Saturday,27,Lunch,Fried Rice,4.2,Cloudy,22.2,False,False,True,False,False,True,800,394,53.3,151.69,121.63,30.06,19.82,137.82,20905.88,4143.29,12,68,4.04,5,0,0,0.9377521321470804,0.3473052528448203,-0.4999999999999997,-0.8660254037844388,-0.9749279121818236,-0.2225209339563146,591.0,33.95,417.0,25.05,446.0,25.46,417.0,549.0,138.84883866997245,565.2857142857143,105.83117733087042,547.1428571428571,96.0070968072812,693.0,394.0,0,0,0,0,4.2,0.0,26,414.14285714285717,69.65159687857265,0,0,1011,337.0,38.97131552917903,2024-27,471.0952380952381,1,1,0,506.33557046979865,-112.33557046979865,-22.18599225915911,361.4761904761905,32.52380952380952,-4.297651006711412
2024-07-07,2024,7,7,Sunday,27,Breakfast,Puri-Bhaji,4.3,Sunny,21.1,False,False,True,False,False,True,800,351,40.6,135.13,105.27,29.87,22.1,112.56,15210.34,3361.59,10,64,4.21,6,0,0,0.9884683243281114,0.1514277775045767,-0.4999999999999997,-0.8660254037844388,-0.7818314824680299,0.6234898018587334,294.0,18.98,351.0,26.28,321.0,25.71,351.0,345.3333333333333,48.747649515986055,412.85714285714283,71.92919799225888,429.2142857142857,83.82599061923877,499.0,294.0,0,0,0,0,4.3,0.0,26,316.2857142857143,54.82089939478339,1,0,1066,355.3333333333333,32.926829268292686,2024-27,471.0952380952381,1,1,0,400.19463087248323,-49.19463087248323,-12.292676382297206,334.6984126984127,16.30158730158729,-5.39765100671141
2024-07-07,2024,7,7,Sunday,27,Dinner,Khichdi,3.0,Sunny,21.1,False,False,True,False,False,True,800,326,33.75,125.51,100.45,25.06,19.96,123.59,15511.81,3096.85,11,68,3.42,6,0,0,0.9884683243281114,0.1514277775045767,-0.4999999999999997,-0.8660254037844388,-0.7818314824680299,0.6234898018587334,323.0,20.65,305.0,25.97,292.0,25.08,305.0,369.3333333333333,77.66809726865505,445.7142857142857,95.85877509078013,449.35714285714283,91.35611397404934,565.0,323.0,0,0,0,0,3.0,0.0,26,265.14285714285717,46.54165269454953,0,1,1066,355.3333333333333,30.58161350844278,2024-27,471.0952380952381,1,1,0,410.0973154362416,-84.09731543624162,-20.506672994623965,334.6984126984127,-8.69841269841271,-5.39765100671141
2024-07-07,2024,7,7,Sunday,27,Lunch,Rice-Chicken,4.7,Sunny,21.1,False,False,True,False,False,True,800,389,52.7,149.76,123.26,26.51,17.7,80.56,12064.75,2135.36,9,63,4.59,6,0,0,0.9884683243281114,0.1514277775045767,-0.4999999999999997,-0.8660254037844388,-0.7818314824680299,0.6234898018587334,394.0,30.06,463.0,31.66,497.0,41.22,463.0,458.0,115.20850663037027,554.7142857142857,120.43907766406828,539.4285714285714,104.32472550478327,693.0,389.0,0,0,0,0,4.7,0.0,26,422.6666666666667,73.28350117670038,1,0,1066,355.3333333333333,36.49155722326454,2024-27,471.0952380952381,1,1,0,506.33557046979865,-117.33557046979865,-23.173479667037803,334.6984126984127,54.30158730158729,-5.39765100671141
2024-07-08,2024,7,8,Monday,28,Breakfast,Idli-Sambar,3.9,Rainy,25.5,False,False,False,False,False,True,800,505,62.37,194.43,163.89,30.53,15.7,93.68,18213.65,2860.18,12,60,3.85,0,1,0,0.9987165071710528,-0.05064916883871264,-0.4999999999999997,-0.8660254037844388,0.0,1.0,351.0,29.87,466.0,36.1,491.0,35.38,466.0,383.3333333333333,109.15279810125537,418.42857142857144,77.98687313229348,430.2142857142857,84.6987226962345,505.0,294.0,0,0,0,0,0.0,25.5,27,457.4418604651163,63.9487526687177,0,0,1517,505.6666666666667,33.28938694792353,2024-28,495.04761904761904,0,0,1,400.19463087248323,104.80536912751677,26.18859950695131,459.8062015503876,45.193798449612416,-0.9976510067114113
2024-07-08,2024,7,8,Monday,28,Dinner,Roti-Dal,3.3,Rainy,25.5,False,False,False,False,False,True,800,501,59.4,192.89,161.21,31.68,16.42,80.67,15560.35,2555.49,10,45,3.7,0,1,0,0.9987165071710528,-0.05064916883871264,-0.4999999999999997,-0.8660254037844388,0.0,1.0,326.0,25.06,437.0,33.5,383.0,21.76,437.0,383.3333333333333,101.91336189790455,454.85714285714283,97.91906278729829,457.7857142857143,90.19907774680156,565.0,323.0,0,0,0,0,0.0,25.5,27,427.6744186046512,62.5028460038621,0,0,1517,505.6666666666667,33.02570863546473,2024-28,495.04761904761904,0,0,1,410.0973154362416,90.90268456375838,22.16612524445826,459.8062015503876,41.193798449612416,-0.9976510067114113
2024-07-08,2024,7,8,Monday,28,Lunch,Rice-Dal-Sabzi,3.4,Rainy,25.5,False,False,False,False,False,True,800,511,68.72,196.74,168.7,28.04,14.25,81.67,16068.08,2289.85,12,67,3.72,0,1,0,0.9987165071710528,-0.05064916883871264,-0.4999999999999997,-0.8660254037844388,0.0,1.0,389.0,26.51,557.0,47.13,470.0,26.17,557.0,431.3333333333333,69.03863652574124,548.1428571428571,121.54344706239642,542.3571428571429,102.79000785234788,693.0,389.0,0,0,0,0,0.0,25.5,27,494.30232558139534,69.65374733833367,0,0,1517,505.6666666666667,33.68490441661173,2024-28,495.04761904761904,0,0,1,506.33557046979865,4.664429530201346,0.92121308520227,459.8062015503876,51.193798449612416,-0.9976510067114113
2024-07-09,2024,7,9,Tuesday,28,Breakfast,Poha,3.7,Rainy,22.3,False,False,False,False,False,True,800,503,62.46,193.66,162.64,31.02,16.02,101.53,19660.97,3149.18,9,78,4.08,1,0,0,0.9680771188662043,-0.2506525322587204,-0.4999999999999997,-0.8660254037844388,0.7818314824680298,0.6234898018587336,505.0,30.53,431.0,28.14,476.0,30.84,431.0,453.0,88.34025130143159,428.7142857142857,84.40520182570596,432.14285714285717,86.11696620371546,505.0,294.0,0,0,0,0,0.0,22.3,27,435.7906976744186,71.04142257113264,0,0,1815,605.0,27.713498622589533,2024-28,495.04761904761904,0,0,1,400.19463087248323,102.80536912751677,25.688842677220812,506.13953488372096,-3.1395348837209553,-4.197651006711411
2024-07-09,2024,7,9,Tuesday,28,Dinner,Rice-Rajma,3.8,Rainy,22.3,False,False,False,False,False,True,800,540,68.21,207.9,161.48,46.42,22.33,96.2,20000.62,4465.77,12,71,4.03,1,0,0,0.9680771188662043,-0.2506525322587204,-0.4999999999999997,-0.8660254037844388,0.7818314824680298,0.6234898018587336,501.0,31.68,565.0,40.85,565.0,47.9,565.0,455.6666666666667,113.97514348897869,451.2857142857143,93.59258212364607,456.0,88.13713091628166,551.0,323.0,0,0,0,0,0.0,22.3,27,498.04651162790697,86.12475820364762,0,0,1815,605.0,29.75206611570248,2024-28,495.04761904761904,0,0,1,410.0973154362416,129.90268456375838,31.676063137739447,506.13953488372096,33.860465116279045,-4.197651006711411
2024-07-09,2024,7,9,Tuesday,28,Lunch,Roti-Paneer,4.0,Rainy,22.3,False,False,False,False,False,True,800,772,80.22,297.22,241.01,56.21,18.91,147.28,43775.44,8278.27,9,90,3.98,1,0,0,0.9680771188662043,-0.2506525322587204,-0.4999999999999997,-0.8660254037844388,0.7818314824680298,0.6234898018587336,511.0,28.04,693.0,42.93,523.0,37.91,693.0,557.3333333333334,195.6587164767606,559.4285714285714,139.56701752546132,560.1428571428571,119.38551461086529,772.0,389.0,0,0,0,0,0.0,22.3,54,468.32941176470587,145.08555671570826,0,0,1815,605.0,42.53443526170798,2024-28,495.04761904761904,0,0,1,506.33557046979865,265.66442953020135,52.46805577646997,506.13953488372096,265.86046511627904,-4.197651006711411
2024-07-10,2024,7,10,Wednesday,28,Breakfast,Upma,3.5,Rainy,27.4,False,False,False,False,False,True,800,441,58.52,169.78,146.24,23.55,13.87,85.94,14591.86,2023.55,8,77,3.56,2,0,0,0.8978045395707416,-0.4403941515576344,-0.4999999999999997,-0.8660254037844388,0.9749279121818236,-0.22252093395631434,503.0,31.02,458.0,28.2,531.0,40.08,458.0,483.0,36.38681079732168,426.2857142857143,83.66344141004176,425.7142857142857,81.39970569917368,505.0,294.0,0,0,0,0,0.0,27.4,27,402.1162790697674,78.48482088680939,0,1,1658,552.6666666666666,26.598311218335347,2024-28,495.04761904761904,0,0,1,400.19463087248323,40.80536912751677,10.196380955575304,470.6046511627907,-29.604651162790674,0.9023489932885873
2024-07-10,2024,7,10,Wednesday,28,Dinner,Paratha-Paneer,4.1,Rainy,27.4,False,False,False,False,False,True,800,640,70.22,246.4,212.0,34.4,13.96,96.57,23795.84,3322.29,10,65,4.34,2,0,0,0.8978045395707416,-0.4403941515576344,-0.4999999999999997,-0.8660254037844388,0.9749279121818236,-0.22252093395631434,540.0,46.42,551.0,45.76,556.0,31.51,551.0,560.3333333333334,71.69611797952038,464.0,113.35489990879678,462.0,97.79806510591843,640.0,323.0,0,0,0,0,0.0,27.4,27,493.16279069767444,94.51730258140397,0,0,1658,552.6666666666666,38.600723763570564,2024-28,495.04761904761904,0,0,1,410.0973154362416,229.90268456375838,56.06051927435786,470.6046511627907,169.39534883720933,0.9023489932885873
2024-07-10,2024,7,10,Wednesday,28,Lunch,Rice-Sambar,3.6,Rainy,27.4,False,False,False,False,False,True,800,577,72.48,222.15,188.22,33.93,15.27,85.24,18935.23,2891.99,12,48,3.77,2,0,0,0.8978045395707416,-0.4403941515576344,-0.4999999999999997,-0.8660254037844388,0.9749279121818236,-0.22252093395631434,772.0,56.21,597.0,41.86,588.0,49.99,597.0,620.0,135.70924802680193,556.5714285714286,138.8726720691263,559.3571428571429,119.224163234225,772.0,389.0,0,0,0,0,0.0,27.4,27,516.5348837209302,108.15494811506254,0,0,1658,552.6666666666666,34.80096501809409,2024-28,495.04761904761904,0,0,1,506.33557046979865,70.66442953020135,13.956046869200996,470.6046511627907,106.39534883720933,0.9023489932885873
2024-07-11,2024,7,11,Thursday,28,Breakfast,Dosa,4.6,Rainy,22.1,False,False,False,False,False,True,800,636,69.52,244.86,207.73,37.13,15.16,102.84,25180.82,3818.56,11,62,4.38,3,0,0,0.7907757369376989,-0.6121059825476626,-0.4999999999999997,-0.8660254037844388,0.43388373911755823,-0.900968867902419,441.0,23.55,499.0,29.57,573.0,39.5,499.0,526.6666666666666,99.63098580930243,445.85714285714283,114.0240158496282,430.2142857142857,91.30690307665982,636.0,294.0,0,0,0,0,0.0,22.1,27,496.3488372093023,101.6197121205963,1,0,1810,603.3333333333334,35.13812154696133,2024-28,495.04761904761904,0,0,1,400.19463087248323,235.80536912751677,58.92267185429908,502.8914728682171,133.10852713178292,-4.39765100671141
2024-07-11,2024,7,11,Thursday,28,Dinner,Rice-Curd-Pickle,3.2,Rainy,22.1,False,False,False,False,False,True,800,438,57.39,168.63,132.82,35.81,21.23,112.62,18991.76,4032.51,11,52,3.53,3,0,0,0.7907757369376989,-0.6121059825476626,-0.4999999999999997,-0.8660254037844388,0.43388373911755823,-0.900968867902419,640.0,34.4,459.0,32.14,499.0,28.64,459.0,539.3333333333334,101.00165015153614,461.0,113.786349503503,457.64285714285717,97.38078087341674,640.0,323.0,0,0,0,0,0.0,22.1,27,405.6046511627907,82.89641830819832,0,1,1810,603.3333333333334,24.19889502762431,2024-28,495.04761904761904,0,0,1,410.0973154362416,27.902684563758385,6.803917878388662,502.8914728682171,-64.89147286821708,-4.39765100671141
2024-07-11,2024,7,11,Thursday,28,Lunch,Biryani,4.8,Rainy,22.1,False,False,False,False,False,True,800,736,87.18,283.36,243.27,40.09,14.15,89.53,25368.61,3589.53,12,51,4.48,3,0,0,0.7907757369376989,-0.6121059825476626,-0.4999999999999997,-0.8660254037844388,0.43388373911755823,-0.900968867902419,577.0,33.93,662.0,44.56,694.0,55.55,662.0,695.0,103.76415566080634,567.1428571428571,150.5605399514635,562.3571428571429,123.33045487186499,772.0,389.0,0,0,0,0,0.0,22.1,27,606.7209302325581,110.13462013143287,1,0,1810,603.3333333333334,40.66298342541437,2024-28,495.04761904761904,0,0,1,506.33557046979865,229.66442953020135,45.358146439743386,502.8914728682171,233.10852713178292,-4.39765100671141
2024-07-12,2024,7,12,Friday,28,Breakfast,Paratha-Curry,3.7,Sunny,25.9,False,False,False,False,False,True,800,407,47.32,156.69,124.04,32.65,20.84,101.58,15917.32,3317.12,10,52,3.68,4,0,1,0.6513724827222223,-0.758758122692791,-0.4999999999999997,-0.8660254037844388,-0.433883739117558,-0.9009688679024191,636.0,37.13,391.0,26.36,382.0,28.29,391.0,494.6666666666667,123.57319018837954,448.14285714285717,112.8958643639184,432.0,90.53261205860487,636.0,294.0,0,0,0,0,0.0,0.0,27,367.85714285714283,69.70270367033623,0,0,1351,450.3333333333333,30.12583271650629,2024-28,495.04761904761904,0,0,1,400.19463087248323,6.805369127516769,1.7005148501568006,432.13492063492066,-25.13492063492066,-0.5976510067114127
2024-07-12,2024,7,12,Friday,28,Dinner,Noodles,4.2,Sunny,25.9,False,False,False,False,False,True,800,388,55.58,149.38,127.06,22.32,14.94,90.38,13501.36,2017.14,9,67,4.17,4,0,1,0.6513724827222223,-0.758758122692791,-0.4999999999999997,-0.8660254037844388,-0.433883739117558,-0.9009688679024191,438.0,35.81,459.0,25.38,441.0,34.19,459.0,488.6666666666667,133.42163742561883,450.85714285714283,117.11024517013671,453.85714285714283,99.09269719491222,640.0,323.0,0,0,0,0,0.0,0.0,27,427.35714285714283,84.50424189917749,0,0,1351,450.3333333333333,28.71946706143597,2024-28,495.04761904761904,0,0,1,410.0973154362416,-22.097315436241615,-5.3883101899205466,432.13492063492066,-44.13492063492066,-0.5976510067114127
2024-07-12,2024,7,12,Friday,28,Lunch,Chole-Bhature,4.5,Sunny,25.9,False,False,False,False,False,True,800,556,66.3,214.06,181.13,32.93,15.39,101.3,21683.22,3336.07,12,47,4.3,4,0,1,0.6513724827222223,-0.758758122692791,-0.4999999999999997,-0.8660254037844388,-0.433883739117558,-0.9009688679024191,736.0,40.09,591.0,33.95,514.0,33.38,591.0,623.0,98.4225583898328,562.1428571428571,150.21698591418652,565.3571428571429,122.57218102179462,772.0,389.0,0,0,0,0,0.0,0.0,27,501.1904761904762,97.64825828507733,1,0,1351,450.3333333333333,41.154700222057734,2024-28,495.04761904761904,0,0,1,506.33557046979865,49.664429530201346,9.808599756110494,432.13492063492066,123.86507936507934,-0.5976510067114127
2024-07-13,2024,7,13,Saturday,28,Breakfast,Bread-Omelette,3.9,Rainy,21.8,False,False,True,False,False,True,800,357,45.74,137.44,109.94,27.5,20.01,137.41,18885.81,3779.15,9,46,4.21,5,0,0,0.48530196253108104,-0.8743466161445821,-0.4999999999999997,-0.8660254037844388,-0.9749279121818236,-0.2225209339563146,407.0,32.65,294.0,18.98,315.0,20.87,294.0,466.6666666666667,148.76267453004945,457.14285714285717,100.37667154511684,435.0,86.98364125600772,636.0,351.0,0,0,1,0,3.9,21.8,27,320.9761904761905,53.05978592771122,0,0,1240,413.3333333333333,28.79032258064516,2024-28,495.04761904761904,1,1,0,400.19463087248323,-43.19463087248323,-10.793405893105705,361.4761904761905,-4.476190476190482,-4.697651006711411
2024-07-13,2024,7,13,Saturday,28,Dinner,Roti-Paneer,4.0,Rainy,21.8,False,False,True,False,False,True,800,418,49.91,160.93,125.85,35.08,21.8,135.57,21816.75,4756.23,8,45,3.88,5,0,0,0.48530196253108104,-0.8743466161445821,-0.4999999999999997,-0.8660254037844388,-0.9749279121818236,-0.2225209339563146,388.0,22.32,323.0,20.65,422.0,33.36,323.0,414.6666666666667,25.166114784234537,464.42857142857144,104.66750075494168,453.57142857142856,99.19732803916554,640.0,326.0,0,0,1,0,4.0,21.8,55,468.32941176470587,145.08555671570826,0,0,1240,413.3333333333333,33.70967741935484,2024-28,495.04761904761904,1,1,0,410.0973154362416,7.902684563758385,1.9270266510649776,361.4761904761905,56.52380952380952,-4.697651006711411
2024-07-13,2024,7,13,Saturday,28,Lunch,Fried Rice,4.2,Rainy,21.8,False,False,True,False,False,True,800,465,58.62,179.03,152.25,26.78,14.96,118.92,21289.07,3184.46,12,60,4.03,5,0,0,0.48530196253108104,-0.8743466161445821,-0.4999999999999997,-0.8660254037844388,-0.9749279121818236,-0.2225209339563146,556.0,32.93,394.0,30.06,417.0,25.05,394.0,585.6666666666666,137.9142245503827,572.2857142857143,138.9456899723947,568.7857142857143,118.7137336176846,772.0,389.0,0,0,1,0,4.2,21.8,27,414.14285714285717,69.65159687857265,0,0,1240,413.3333333333333,37.5,2024-28,495.04761904761904,1,1,0,506.33557046979865,-41.335570469798654,-8.163671067281692,361.4761904761905,103.52380952380952,-4.697651006711411
2024-07-14,2024,7,14,Sunday,28,Breakfast,Puri-Bhaji,4.3,Cloudy,24.5,False,False,True,False,False,True,800,289,40.6,111.27,88.23,23.04,20.71,93.87,10444.37,2162.66,11,68,4.37,6,0,0,0.29936312297335804,-0.9541392564000488,-0.4999999999999997,-0.8660254037844388,-0.7818314824680299,0.6234898018587334,357.0,27.5,351.0,29.87,351.0,26.28,351.0,351.0,59.22837157984416,448.2857142857143,113.21765805402515,430.57142857142856,92.96212155472811,636.0,289.0,0,0,0,0,4.3,0.0,27,316.2857142857143,54.82089939478339,1,0,1005,335.0,28.756218905472636,2024-28,495.04761904761904,1,1,0,400.19463087248323,-111.19463087248323,-27.785138103942714,334.6984126984127,-45.69841269841271,-1.9976510067114113
2024-07-14,2024,7,14,Sunday,28,Dinner,Khichdi,3.0,Cloudy,24.5,False,False,True,False,False,True,800,283,33.75,108.96,84.94,24.02,22.05,149.8,16321.6,3598.19,9,86,3.35,6,0,0,0.29936312297335804,-0.9541392564000488,-0.4999999999999997,-0.8660254037844388,-0.7818314824680299,0.6234898018587334,418.0,35.08,326.0,25.06,305.0,25.97,326.0,363.0,70.88723439378859,458.2857142857143,114.90679452744052,452.0,101.87020399281819,640.0,283.0,0,0,0,0,3.0,0.0,27,265.14285714285717,46.54165269454953,0,1,1005,335.0,28.1592039800995,2024-28,495.04761904761904,1,1,0,410.0973154362416,-127.09731543624162,-30.991989133369884,334.6984126984127,-51.69841269841271,-1.9976510067114113
2024-07-14,2024,7,14,Sunday,28,Lunch,Rice-Chicken,4.7,Cloudy,24.5,False,False,True,False,False,True,800,433,52.7,166.7,143.03,23.68,14.2,85.88,14317.09,2033.58,12,61,4.75,6,0,0,0.29936312297335804,-0.9541392564000488,-0.4999999999999997,-0.8660254037844388,-0.7818314824680299,0.6234898018587334,465.0,26.78,389.0,26.51,463.0,31.66,389.0,484.6666666666667,63.814836310480075,578.5714285714286,129.97802011988713,566.6428571428571,121.0185028083642,772.0,433.0,0,0,0,0,4.7,0.0,27,422.6666666666667,73.28350117670038,1,0,1005,335.0,43.084577114427866,2024-28,495.04761904761904,1,1,0,506.33557046979865,-73.33557046979865,-14.483590477705317,334.6984126984127,98.30158730158729,-1.9976510067114113
2024-07-15,2024,7,15,Monday,29,Breakfast,Idli-Sambar,3.9,Rainy,25.7,False,False,False,False,False,True,800,541,62.37,208.28,178.09,30.2,14.5,138.05,28754.77,4169.24,10,52,3.8,0,1,0,0.10116832198743272,-0.994869323391895,-0.4999999999999997,-0.8660254037844388,0.0,1.0,289.0,23.04,505.0,30.53,466.0,36.1,505.0,395.6666666666667,130.37382150314312,453.42857142857144,116.97842698956272,435.92857142857144,97.22413777983824,636.0,289.0,0,0,0,0,0.0,25.7,28,457.4418604651163,63.9487526687177,0,0,1618,539.3333333333334,33.436341161928304,2024-29,457.95238095238096,0,0,1,400.19463087248323,140.80536912751677,35.184222442100314,459.8062015503876,81.19379844961242,-0.797651006711412
2024-07-15,2024,7,15,Monday,29,Dinner,Roti-Dal,3.3,Rainy,25.7,False,False,False,False,False,True,800,492,59.4,189.42,153.17,36.25,19.14,82.06,15544.52,2974.66,11,56,3.52,0,1,0,0.10116832198743272,-0.994869323391895,-0.4999999999999997,-0.8660254037844388,0.0,1.0,283.0,24.02,501.0,31.68,437.0,33.5,501.0,397.6666666666667,105.97326706926265,457.0,114.39842656260622,455.92857142857144,102.30682681613548,640.0,283.0,0,0,0,0,0.0,25.7,28,427.6744186046512,62.5028460038621,0,0,1618,539.3333333333334,30.407911001236094,2024-29,457.95238095238096,0,0,1,410.0973154362416,81.90268456375838,19.971524192162605,459.8062015503876,32.193798449612416,-0.797651006711412
2024-07-15,2024,7,15,Monday,29,Lunch,Rice-Dal-Sabzi,3.4,Rainy,25.7,False,False,False,False,False,True,800,585,68.72,225.23,183.48,41.75,18.54,91.76,20666.48,3830.82,12,72,3.8,0,1,0,0.10116832198743272,-0.994869323391895,-0.4999999999999997,-0.8660254037844388,0.0,1.0,433.0,23.68,511.0,28.04,557.0,47.13,511.0,494.3333333333333,80.13322240702271,589.1428571428571,126.52987601278046,568.6428571428571,121.07823735271171,772.0,433.0,0,0,0,0,0.0,25.7,28,494.30232558139534,69.65374733833367,0,0,1618,539.3333333333334,36.1557478368356,2024-29,457.95238095238096,0,0,1,506.33557046979865,78.66442953020135,15.536026721806904,459.8062015503876,125.19379844961242,-0.797651006711412
2024-07-16,2024,7,16,Tuesday,29,Breakfast,Poha,3.7,Sunny,23.8,False,False,False,False,False,True,800,393,56.78,151.31,120.7,30.61,20.23,111.22,16828.26,3403.93,9,47,3.92,1,0,0,-0.10116832198743204,-0.9948693233918952,-0.4999999999999997,-0.8660254037844388,0.7818314824680298,0.6234898018587336,541.0,30.2,503.0,31.02,431.0,28.14,503.0,407.6666666666667,126.63859338027024,437.7142857142857,116.59719019729775,433.2142857142857,97.90040352822359,636.0,289.0,0,0,0,0,0.0,0.0,28,435.7906976744186,71.04142257113264,0,0,1500,500.0,26.200000000000003,2024-29,457.95238095238096,0,0,1,400.19463087248323,-7.194630872483231,-1.7977829579567013,506.13953488372096,-113.13953488372096,-2.6976510067114106
2024-07-16,2024,7,16,Tuesday,29,Dinner,Rice-Rajma,3.8,Sunny,23.8,False,False,False,False,False,True,800,504,62.01,194.04,158.39,35.65,18.37,86.14,16714.7,3070.9,11,53,3.9,1,0,0,-0.10116832198743204,-0.9948693233918952,-0.4999999999999997,-0.8660254037844388,0.7818314824680298,0.6234898018587336,492.0,36.25,540.0,46.42,565.0,40.85,540.0,426.3333333333333,124.27523217976008,451.85714285714283,110.7977565528421,451.57142857142856,98.5336446138021,640.0,283.0,0,0,0,0,0.0,0.0,28,498.04651162790697,86.12475820364762,0,0,1500,500.0,33.6,2024-29,457.95238095238096,0,0,1,410.0973154362416,93.90268456375838,22.897658928556815,506.13953488372096,-2.1395348837209553,-2.6976510067114106
2024-07-16,2024,7,16,Tuesday,29,Lunch,Roti-Paneer,4.0,Sunny,23.8,False,False,False,False,False,True,800,603,72.93,232.16,192.41,39.74,17.12,125.31,29091.22,4979.95,11,71,4.25,1,0,0,-0.10116832198743204,-0.9948693233918952,-0.4999999999999997,-0.8660254037844388,0.7818314824680298,0.6234898018587336,585.0,41.75,772.0,56.21,693.0,42.93,772.0,540.3333333333334,93.38807918215988,565.0,98.93937537704622,562.2142857142857,116.26109778056842,736.0,433.0,0,0,0,0,0.0,0.0,56,468.32941176470587,145.08555671570826,0,0,1500,500.0,40.2,2024-29,457.95238095238096,0,0,1,506.33557046979865,96.66442953020135,19.090981390170196,506.13953488372096,96.86046511627904,-2.6976510067114106
2024-07-17,2024,7,17,Wednesday,29,Breakfast,Upma,3.5,Cloudy,24.8,False,False,False,False,False,True,800,381,53.2,146.69,123.98,22.71,15.48,97.44,14293.04,2212.56,12,46,3.95,2,0,0,-0.2993631229733582,-0.9541392564000488,-0.4999999999999997,-0.8660254037844388,0.9749279121818236,-0.22252093395631434,393.0,30.61,441.0,23.55,458.0,28.2,441.0,438.3333333333333,89.1141589947042,429.14285714285717,118.50517368653678,427.7142857142857,98.56152203762696,636.0,289.0,0,0,0,0,0.0,0.0,28,402.1162790697674,78.48482088680939,0,1,1414,471.3333333333333,26.944837340876944,2024-29,457.95238095238096,0,0,1,400.19463087248323,-19.19463087248323,-4.796323936339703,470.6046511627907,-89.60465116279067,-1.6976510067114106
2024-07-17,2024,7,17,Wednesday,29,Dinner,Paratha-Paneer,4.1,Cloudy,24.8,False,False,False,False,False,True,800,552,63.84,212.52,175.15,37.37,17.58,102.51,21785.92,3831.05,10,56,3.93,2,0,0,-0.2993631229733582,-0.9541392564000488,-0.4999999999999997,-0.8660254037844388,0.9749279121818236,-0.22252093395631434,504.0,35.65,640.0,34.4,551.0,45.76,640.0,516.0,31.74901573277448,439.2857142857143,88.67678066197169,451.64285714285717,98.61159796264931,552.0,283.0,0,0,0,0,0.0,0.0,28,493.16279069767444,94.51730258140397,0,0,1414,471.3333333333333,39.038189533239034,2024-29,457.95238095238096,0,0,1,410.0973154362416,141.90268456375838,34.60219787413366,470.6046511627907,81.39534883720933,-1.6976510067114106
2024-07-17,2024,7,17,Wednesday,29,Lunch,Rice-Sambar,3.6,Cloudy,24.8,False,False,False,False,False,True,800,481,65.89,185.19,156.26,28.92,15.62,105.14,19469.95,3041.0,12,76,3.72,2,0,0,-0.2993631229733582,-0.9541392564000488,-0.4999999999999997,-0.8660254037844388,0.9749279121818236,-0.22252093395631434,603.0,39.74,577.0,33.93,597.0,41.86,577.0,556.3333333333334,65.85843403341265,551.2857142857143,103.54502126404476,553.9285714285714,117.71573601475099,736.0,433.0,0,0,0,0,0.0,0.0,28,516.5348837209302,108.15494811506254,0,0,1414,471.3333333333333,34.016973125884014,2024-29,457.95238095238096,0,0,1,506.33557046979865,-25.335570469798654,-5.003711362069879,470.6046511627907,10.395348837209326,-1.6976510067114106
2024-07-18,2024,7,18,Thursday,29,Breakfast,Dosa,4.6,Cloudy,23.9,False,False,False,False,False,True,800,532,63.2,204.82,158.82,46.0,22.46,136.75,28008.78,6291.02,10,48,4.63,3,0,0,-0.4853019625310808,-0.8743466161445822,-0.4999999999999997,-0.8660254037844388,0.43388373911755823,-0.900968867902419,381.0,22.71,636.0,37.13,499.0,29.57,636.0,435.3333333333333,83.93052682625923,414.2857142857143,91.74732382239537,430.07142857142856,100.76741253287905,541.0,289.0,0,0,0,0,0.0,0.0,28,496.3488372093023,101.6197121205963,1,0,1584,528.0,33.58585858585859,2024-29,457.95238095238096,0,0,1,400.19463087248323,131.80536912751677,32.93531670831307,502.8914728682171,29.10852713178292,-2.5976510067114127
2024-07-18,2024,7,18,Thursday,29,Dinner,Rice-Curd-Pickle,3.2,Cloudy,23.9,False,False,False,False,False,True,800,417,52.17,160.54,125.52,35.03,21.82,125.98,20225.54,4412.6,10,79,3.66,3,0,0,-0.4853019625310808,-0.8743466161445822,-0.4999999999999997,-0.8660254037844388,0.43388373911755823,-0.900968867902419,552.0,37.37,438.0,35.81,459.0,32.14,438.0,491.0,68.43244844370211,436.2857142857143,89.081824344652,448.64285714285717,99.00862988249419,552.0,283.0,0,0,0,0,0.0,0.0,28,405.6046511627907,82.89641830819832,0,1,1584,528.0,26.325757575757574,2024-29,457.95238095238096,0,0,1,410.0973154362416,6.902684563758385,1.6831820896987937,502.8914728682171,-85.89147286821708,-2.5976510067114127
2024-07-18,2024,7,18,Thursday,29,Lunch,Biryani,4.8,Cloudy,23.9,False,False,False,False,False,True,800,635,79.25,244.48,199.4,45.08,18.44,105.02,25674.84,4734.24,12,59,4.85,3,0,0,-0.4853019625310808,-0.8743466161445822,-0.4999999999999997,-0.8660254037844388,0.43388373911755823,-0.900968867902419,481.0,28.92,736.0,40.09,662.0,44.56,736.0,573.0,81.26499861564038,536.8571428571429,77.20196148507436,552.0,116.01790312772371,635.0,433.0,0,0,0,0,0.0,0.0,28,606.7209302325581,110.13462013143287,1,0,1584,528.0,40.08838383838384,2024-29,457.95238095238096,0,0,1,506.33557046979865,128.66442953020135,25.410900800593815,502.8914728682171,132.10852713178292,-2.5976510067114127
2024-07-19,2024,7,19,Friday,29,Breakfast,Paratha-Curry,3.7,Sunny,26.8,False,False,False,False,False,True,800,362,47.32,139.37,108.4,30.97,22.22,149.75,20870.3,4637.17,9,81,4.02,4,0,1,-0.651372482722222,-0.7587581226927911,-0.4999999999999997,-0.8660254037844388,-0.433883739117558,-0.9009688679024191,532.0,46.0,407.0,32.65,391.0,26.36,407.0,425.0,93.15041599477743,407.85714285714283,93.89431749122468,428.0,101.92380260989843,541.0,289.0,0,0,0,0,0.0,0.0,28,367.85714285714283,69.70270367033623,0,0,1323,441.0,27.362055933484502,2024-29,457.95238095238096,0,0,1,400.19463087248323,-38.19463087248323,-9.544013818779455,432.13492063492066,-70.13492063492066,0.30234899328858944
2024-07-19,2024,7,19,Friday,29,Dinner,Noodles,4.2,Sunny,26.8,False,False,False,False,False,True,800,427,55.58,164.4,131.79,32.61,19.84,131.67,21645.46,4293.66,10,82,4.0,4,0,1,-0.651372482722222,-0.7587581226927911,-0.4999999999999997,-0.8660254037844388,-0.433883739117558,-0.9009688679024191,417.0,35.03,388.0,22.32,459.0,25.38,388.0,465.3333333333333,75.22189397597796,441.85714285714283,86.74758127546188,446.35714285714283,99.12044510272626,552.0,283.0,0,0,0,0,0.0,0.0,28,427.35714285714283,84.50424189917749,0,0,1323,441.0,32.27513227513227,2024-29,457.95238095238096,0,0,1,410.0973154362416,16.902684563758385,4.121627703360635,432.13492063492066,-5.134920634920661,0.30234899328858944
2024-07-19,2024,7,19,Friday,29,Lunch,Chole-Bhature,4.5,Sunny,26.8,False,False,False,False,False,True,800,534,66.3,205.59,173.77,31.82,15.48,104.84,21553.3,3336.08,9,56,4.31,4,0,1,-0.651372482722222,-0.7587581226927911,-0.4999999999999997,-0.8660254037844388,-0.433883739117558,-0.9009688679024191,635.0,45.08,556.0,32.93,591.0,33.95,556.0,550.0,78.2368199762748,533.7142857142857,76.73919964336876,547.9285714285714,115.54317493787902,635.0,433.0,0,0,0,0,0.0,0.0,28,501.1904761904762,97.64825828507733,1,0,1323,441.0,40.362811791383216,2024-29,457.95238095238096,0,0,1,506.33557046979865,27.664429530201346,5.463655161444251,432.13492063492066,101.86507936507934,0.30234899328858944
2024-07-20,2024,7,20,Saturday,29,Breakfast,Bread-Omelette,3.9,Cloudy,22.7,False,False,True,False,False,True,800,323,41.58,124.36,106.8,17.55,14.11,119.45,14854.51,2096.43,12,57,4.16,5,0,0,-0.7907757369376986,-0.6121059825476627,-0.4999999999999997,-0.8660254037844388,-0.9749279121818236,-0.2225209339563146,362.0,30.97,357.0,27.5,294.0,18.98,357.0,405.6666666666667,111.13205358191408,403.0,97.76331963812763,430.07142857142856,99.25062626093003,541.0,289.0,0,0,0,0,3.9,0.0,28,320.9761904761905,53.05978592771122,0,0,1105,368.3333333333333,29.230769230769234,2024-29,457.95238095238096,1,1,0,400.19463087248323,-77.19463087248323,-19.28927199852421,361.4761904761905,-38.47619047619048,-3.797651006711412
2024-07-20,2024,7,20,Saturday,29,Dinner,Roti-Paneer,4.0,Cloudy,22.7,False,False,True,False,False,True,800,349,45.38,134.37,104.29,30.07,22.38,83.93,11277.49,2524.14,12,59,3.86,5,0,0,-0.7907757369376986,-0.6121059825476627,-0.4999999999999997,-0.8660254037844388,-0.9749279121818236,-0.2225209339563146,427.0,32.61,418.0,35.08,323.0,20.65,418.0,397.6666666666667,42.44211744639092,432.0,93.56281312572858,448.2142857142857,96.84895342862366,552.0,283.0,0,0,0,0,4.0,0.0,57,468.32941176470587,145.08555671570826,0,0,1105,368.3333333333333,31.583710407239817,2024-29,457.95238095238096,1,1,0,410.0973154362416,-61.097315436241615,-14.898248083201729,361.4761904761905,-12.476190476190482,-3.797651006711412
2024-07-20,2024,7,20,Saturday,29,Lunch,Fried Rice,4.2,Cloudy,22.7,False,False,True,False,False,True,800,433,53.3,166.7,141.1,25.61,15.36,147.93,24660.19,3787.8,12,64,4.07,5,0,0,-0.7907757369376986,-0.6121059825476627,-0.4999999999999997,-0.8660254037844388,-0.9749279121818236,-0.2225209339563146,534.0,31.82,465.0,26.78,394.0,30.06,465.0,534.0,101.00000000000016,529.1428571428571,82.26872344422817,550.7142857142857,111.96113925508593,635.0,433.0,0,0,0,0,4.2,0.0,28,414.14285714285717,69.65159687857265,0,0,1105,368.3333333333333,39.18552036199095,2024-29,457.95238095238096,1,1,0,506.33557046979865,-73.33557046979865,-14.483590477705317,361.4761904761905,71.52380952380952,-3.797651006711412
2024-07-21,2024,7,21,Sunday,29,Breakfast,Puri-Bhaji,4.3,Rainy,27.8,False,False,True,False,False,True,800,331,44.66,127.44,102.32,25.12,19.71,122.99,15673.16,3089.42,9,66,4.38,6,0,0,-0.8978045395707417,-0.44039415155763423,-0.4999999999999997,-0.8660254037844388,-0.7818314824680299,0.6234898018587334,323.0,17.55,289.0,23.04,351.0,29.87,289.0,338.6666666666667,20.59935274064271,409.0,90.62928150805739,428.64285714285717,100.61090867820917,541.0,323.0,0,0,1,0,4.3,27.8,28,316.2857142857143,54.82089939478339,1,0,1073,357.6666666666667,30.848089468779122,2024-29,457.95238095238096,1,1,0,400.19463087248323,-69.19463087248323,-17.29024467960221,334.6984126984127,-3.69841269841271,1.3023489932885894
2024-07-21,2024,7,21,Sunday,29,Dinner,Khichdi,3.0,Rainy,27.8,False,False,True,False,False,True,800,286,37.12,110.11,90.96,19.15,17.39,144.21,15878.49,2761.98,8,78,3.54,6,0,0,-0.8978045395707417,-0.44039415155763423,-0.4999999999999997,-0.8660254037844388,-0.7818314824680299,0.6234898018587334,349.0,30.07,283.0,24.02,326.0,25.06,283.0,354.0,70.6328535456404,432.42857142857144,92.77006906478898,445.35714285714283,101.22298852826536,552.0,286.0,0,0,1,0,3.0,27.8,28,265.14285714285717,46.54165269454953,0,1,1073,357.6666666666667,26.654240447343895,2024-29,457.95238095238096,1,1,0,410.0973154362416,-124.09731543624162,-30.26045544927133,334.6984126984127,-48.69841269841271,1.3023489932885894
2024-07-21,2024,7,21,Sunday,29,Lunch,Rice-Chicken,4.7,Rainy,27.8,False,False,True,False,False,True,800,456,57.97,175.56,150.32,25.24,14.37,139.1,24420.38,3510.36,10,48,4.35,6,0,0,-0.8978045395707417,-0.44039415155763423,-0.4999999999999997,-0.8660254037844388,-0.7818314824680299,0.6234898018587334,433.0,25.61,433.0,23.68,389.0,26.51,433.0,474.3333333333333,52.937069557478964,532.4285714285714,78.1448593806342,555.5,105.77825136358844,635.0,433.0,0,0,1,0,4.7,27.8,28,422.6666666666667,73.28350117670038,1,0,1073,357.6666666666667,42.49767008387698,2024-29,457.95238095238096,1,1,0,506.33557046979865,-50.335570469798654,-9.941148401463336,334.6984126984127,121.30158730158729,1.3023489932885894
2024-07-22,2024,7,22,Monday,30,Breakfast,Idli-Sambar,3.9,Sunny,28.3,False,False,False,False,False,True,800,460,56.7,177.1,142.86,34.24,19.33,145.93,25845.02,4996.1,11,82,3.83,0,1,0,-0.9680771188662041,-0.2506525322587213,-0.4999999999999997,-0.8660254037844388,0.0,1.0,331.0,25.12,541.0,30.2,505.0,30.53,541.0,371.3333333333333,76.89169872836355,397.42857142857144,74.74591882472528,425.42857142857144,98.68420050125262,532.0,323.0,0,0,0,0,0.0,0.0,29,457.4418604651163,63.9487526687177,0,0,1380,460.0,33.33333333333333,2024-30,476.57142857142856,0,0,1,400.19463087248323,59.80536912751677,14.944070838015058,459.8062015503876,0.19379844961241588,1.8023489932885894
2024-07-22,2024,7,22,Monday,30,Dinner,Roti-Dal,3.3,Sunny,28.3,False,False,False,False,False,True,800,380,54.0,146.3,125.83,20.47,13.99,125.44,18352.26,2568.21,9,90,3.8,0,1,0,-0.9680771188662041,-0.2506525322587213,-0.4999999999999997,-0.8660254037844388,0.0,1.0,286.0,19.15,492.0,36.25,501.0,31.68,492.0,338.3333333333333,47.899199714955685,416.42857142857144,90.41175650481368,436.7142857142857,101.27223673873249,552.0,286.0,0,0,0,0,0.0,0.0,29,427.6744186046512,62.5028460038621,0,0,1380,460.0,27.536231884057973,2024-30,476.57142857142856,0,0,1,410.0973154362416,-30.097315436241615,-7.339066680850021,459.8062015503876,-79.80620155038758,1.8023489932885894
2024-07-22,2024,7,22,Monday,30,Lunch,Rice-Dal-Sabzi,3.4,Sunny,28.3,False,False,False,False,False,True,800,540,62.47,207.9,166.35,41.55,19.98,89.55,18617.78,3720.57,9,72,3.79,0,1,0,-0.9680771188662041,-0.2506525322587213,-0.4999999999999997,-0.8660254037844388,0.0,1.0,456.0,25.24,585.0,41.75,511.0,28.04,585.0,476.3333333333333,56.3234705370094,526.0,74.88212959934683,557.5714285714286,105.12169818154321,635.0,433.0,0,0,0,0,0.0,0.0,29,494.30232558139534,69.65374733833367,0,0,1380,460.0,39.130434782608695,2024-30,476.57142857142856,0,0,1,506.33557046979865,33.664429530201346,6.648640050898681,459.8062015503876,80.19379844961242,1.8023489932885894
2024-07-23,2024,7,23,Tuesday,30,Breakfast,Poha,3.7,Cloudy,24.8,False,False,False,False,False,True,800,486,56.78,187.11,160.38,26.73,14.28,135.09,25276.58,3610.31,9,87,3.91,1,0,0,-0.9987165071710528,-0.05064916883871355,-0.4999999999999997,-0.8660254037844388,0.7818314824680298,0.6234898018587336,460.0,34.24,393.0,30.61,503.0,31.02,393.0,425.6666666666667,83.0080317399071,410.7142857142857,81.76330531013373,424.2142857142857,97.75650957780339,532.0,323.0,0,0,0,0,0.0,0.0,29,435.7906976744186,71.04142257113264,0,0,1610,536.6666666666666,30.186335403726712,2024-30,476.57142857142856,0,0,1,400.19463087248323,85.80536912751677,21.440909624511562,506.13953488372096,-20.139534883720955,-1.6976510067114106
2024-07-23,2024,7,23,Tuesday,30,Dinner,Rice-Rajma,3.8,Cloudy,24.8,False,False,False,False,False,True,800,538,62.01,207.13,160.09,47.04,22.71,129.14,26748.89,6074.92,12,70,4.09,1,0,0,-0.9987165071710528,-0.05064916883871355,-0.4999999999999997,-0.8660254037844388,0.7818314824680298,0.6234898018587336,380.0,20.47,504.0,35.65,540.0,46.42,504.0,401.3333333333333,127.34729417358359,421.2857142857143,96.60178446542677,436.57142857142856,101.11662290924957,552.0,286.0,0,0,0,0,0.0,0.0,29,498.04651162790697,86.12475820364762,0,0,1610,536.6666666666666,33.41614906832298,2024-30,476.57142857142856,0,0,1,410.0973154362416,127.90268456375838,31.188374015007074,506.13953488372096,31.860465116279045,-1.6976510067114106
2024-07-23,2024,7,23,Tuesday,30,Lunch,Roti-Paneer,4.0,Cloudy,24.8,False,False,False,False,False,True,800,586,72.93,225.61,177.93,47.68,21.13,101.48,22894.37,4838.3,10,53,3.93,1,0,0,-0.9987165071710528,-0.05064916883871355,-0.4999999999999997,-0.8660254037844388,0.7818314824680298,0.6234898018587336,540.0,41.55,603.0,39.74,772.0,56.21,603.0,527.3333333333334,65.91914238924355,523.5714285714286,72.19616135422821,544.2857142857143,85.9404342655905,635.0,433.0,0,0,0,0,0.0,0.0,58,468.32941176470587,145.08555671570826,0,0,1610,536.6666666666666,36.39751552795031,2024-30,476.57142857142856,0,0,1,506.33557046979865,79.66442953020135,15.733524203382643,506.13953488372096,79.86046511627904,-1.6976510067114106
2024-07-24,2024,7,24,Wednesday,30,Breakfast,Upma,3.5,Cloudy,22.4,False,False,False,False,False,True,800,472,53.2,181.72,149.79,31.93,17.57,92.75,16853.75,2960.92,10,84,3.6,2,0,0,-0.9884683243281114,0.15142777750457667,-0.4999999999999997,-0.8660254037844388,0.9749279121818236,-0.22252093395631434,486.0,26.73,381.0,22.71,441.0,23.55,381.0,472.6666666666667,13.012814197298884,423.7142857142857,83.46798644932569,426.42857142857144,98.51412572333454,532.0,323.0,0,0,0,0,0.0,0.0,29,402.1162790697674,78.48482088680939,0,1,1590,530.0,29.68553459119497,2024-30,476.57142857142856,0,0,1,400.19463087248323,71.80536912751677,17.942611816398056,470.6046511627907,1.3953488372093261,-4.097651006711413
2024-07-24,2024,7,24,Wednesday,30,Dinner,Paratha-Paneer,4.1,Cloudy,22.4,False,False,False,False,False,True,800,495,63.84,190.58,151.39,39.19,20.56,148.77,28351.19,5830.05,9,85,4.32,2,0,0,-0.9884683243281114,0.15142777750457667,-0.4999999999999997,-0.8660254037844388,0.9749279121818236,-0.22252093395631434,538.0,47.04,552.0,37.37,640.0,34.4,552.0,471.0,81.6884324736369,413.14285714285717,85.51301766676343,426.2142857142857,84.7840501794714,538.0,286.0,0,0,0,0,0.0,0.0,29,493.16279069767444,94.51730258140397,0,0,1590,530.0,31.132075471698112,2024-30,476.57142857142856,0,0,1,410.0973154362416,84.90268456375838,20.70305787626116,470.6046511627907,24.395348837209326,-4.097651006711413
2024-07-24,2024,7,24,Wednesday,30,Lunch,Rice-Sambar,3.6,Cloudy,22.4,False,False,False,False,False,True,800,623,65.89,239.85,197.67,42.18,17.59,145.57,34915.25,6140.16,9,66,3.91,2,0,0,-0.9884683243281114,0.15142777750457667,-0.4999999999999997,-0.8660254037844388,0.9749279121818236,-0.22252093395631434,586.0,47.68,481.0,28.92,577.0,33.93,481.0,583.0,41.58124577258394,543.8571428571429,77.96030736092295,547.5714285714286,88.13862707359141,635.0,433.0,0,0,0,0,0.0,0.0,29,516.5348837209302,108.15494811506254,0,0,1590,530.0,39.18238993710692,2024-30,476.57142857142856,0,0,1,506.33557046979865,116.66442953020135,23.04093102168496,470.6046511627907,152.39534883720933,-4.097651006711413
2024-07-25,2024,7,25,Thursday,30,Breakfast,Dosa,4.6,Rainy,22.7,False,False,False,False,False,True,800,620,69.52,238.7,199.83,38.87,16.28,124.74,29774.77,4847.97,10,73,4.28,3,0,0,-0.9377521321470804,0.3473052528448203,-0.4999999999999997,-0.8660254037844388,0.43388373911755823,-0.900968867902419,472.0,31.93,532.0,46.0,636.0,37.13,532.0,526.0,81.70679286326254,436.2857142857143,106.06399685365196,425.2857142857143,95.95546127996336,620.0,323.0,0,0,0,0,0.0,22.7,29,496.3488372093023,101.6197121205963,1,0,1844,614.6666666666666,33.622559652928416,2024-30,476.57142857142856,0,0,1,400.19463087248323,219.80536912751677,54.924617216455076,502.8914728682171,117.10852713178292,-3.797651006711412
2024-07-25,2024,7,25,Thursday,30,Dinner,Rice-Curd-Pickle,3.2,Rainy,22.7,False,False,False,False,False,True,800,439,57.39,169.01,141.67,27.34,16.18,83.37,14090.83,2279.62,11,71,3.73,3,0,0,-0.9377521321470804,0.3473052528448203,-0.4999999999999997,-0.8660254037844388,0.43388373911755823,-0.900968867902419,495.0,39.19,417.0,35.03,438.0,35.81,417.0,490.6666666666667,49.64205206609894,416.2857142857143,86.08080367831592,426.2857142857143,84.79516366055165,538.0,286.0,0,0,0,0,0.0,22.7,29,405.6046511627907,82.89641830819832,0,1,1844,614.6666666666666,23.806941431670282,2024-30,476.57142857142856,0,0,1,410.0973154362416,28.902684563758385,7.0477624397548455,502.8914728682171,-63.89147286821708,-3.797651006711412
2024-07-25,2024,7,25,Thursday,30,Lunch,Biryani,4.8,Rainy,22.7,False,False,False,False,False,True,800,785,87.18,302.23,239.3,62.93,20.82,128.52,38842.66,8087.45,10,61,4.76,3,0,0,-0.9377521321470804,0.3473052528448203,-0.4999999999999997,-0.8660254037844388,0.43388373911755823,-0.900968867902419,623.0,42.18,635.0,45.08,736.0,40.09,635.0,664.6666666666666,105.84107583227491,565.2857142857143,117.68278589172745,551.0714285714286,96.74905229964352,785.0,433.0,0,0,0,0,0.0,22.7,29,606.7209302325581,110.13462013143287,1,0,1844,614.6666666666666,42.5704989154013,2024-30,476.57142857142856,0,0,1,506.33557046979865,278.66442953020135,55.03552303695456,502.8914728682171,282.1085271317829,-3.797651006711412
2024-07-26,2024,7,26,Friday,30,Breakfast,Paratha-Curry,3.7,Sunny,22.7,False,False,False,False,False,True,800,369,47.32,142.07,116.15,25.92,18.24,106.51,15131.33,2760.67,12,69,3.69,4,0,1,-0.8486442574947509,0.5289640103269624,-0.4999999999999997,-0.8660254037844388,-0.433883739117558,-0.9009688679024191,620.0,38.87,362.0,30.97,407.0,32.65,362.0,487.0,126.17051953606314,437.2857142857143,105.27695899501542,422.57142857142856,97.04377623265957,620.0,323.0,0,0,0,0,0.0,0.0,29,367.85714285714283,69.70270367033623,0,0,1252,417.3333333333333,29.472843450479235,2024-30,476.57142857142856,0,0,1,400.19463087248323,-31.19463087248323,-7.794864914722704,432.13492063492066,-63.13492063492066,-3.797651006711412
2024-07-26,2024,7,26,Friday,30,Dinner,Noodles,4.2,Sunny,22.7,False,False,False,False,False,True,800,411,55.58,158.24,133.77,24.47,15.46,82.34,13028.9,2014.51,8,65,4.11,4,0,1,-0.8486442574947509,0.5289640103269624,-0.4999999999999997,-0.8660254037844388,-0.433883739117558,-0.9009688679024191,439.0,27.34,427.0,32.61,388.0,22.32,427.0,448.3333333333333,42.77070648625364,414.0,85.96123157175762,427.92857142857144,84.21717738699702,538.0,286.0,0,0,0,0,0.0,0.0,29,427.35714285714283,84.50424189917749,0,0,1252,417.3333333333333,32.82747603833866,2024-30,476.57142857142856,0,0,1,410.0973154362416,0.9026845637583847,0.2201147215016886,432.13492063492066,-21.13492063492066,-3.797651006711412
2024-07-26,2024,7,26,Friday,30,Lunch,Chole-Bhature,4.5,Sunny,22.7,False,False,False,False,False,True,800,472,66.3,181.72,148.34,33.38,18.37,140.48,25528.67,4689.18,9,55,4.4,4,0,1,-0.8486442574947509,0.5289640103269624,-0.4999999999999997,-0.8660254037844388,-0.433883739117558,-0.9009688679024191,785.0,62.93,534.0,31.82,556.0,32.93,534.0,626.6666666666666,156.5322118074531,556.4285714285714,122.65786717920888,545.0714285714286,98.9984182357822,785.0,433.0,0,0,0,0,0.0,0.0,29,501.1904761904762,97.64825828507733,1,0,1252,417.3333333333333,37.69968051118211,2024-30,476.57142857142856,0,0,1,506.33557046979865,-34.335570469798654,-6.781188696251523,432.13492063492066,39.86507936507934,-3.797651006711412
2024-07-27,2024,7,27,Saturday,30,Breakfast,Bread-Omelette,3.9,Rainy,21.0,False,False,True,False,False,True,800,342,45.74,131.67,105.84,25.83,19.62,142.16,18717.57,3672.37,9,49,4.03,5,0,0,-0.72479278722912,0.6889669190756865,-0.4999999999999997,-0.8660254037844388,-0.9749279121818236,-0.2225209339563146,369.0,25.92,323.0,17.55,357.0,27.5,323.0,443.6666666666667,153.30470747284124,440.0,102.03430795570708,421.5,97.902423950506,620.0,331.0,0,0,1,0,3.9,21.0,29,320.9761904761905,53.05978592771122,0,0,1214,404.6666666666667,28.171334431630974,2024-30,476.57142857142856,1,1,0,400.19463087248323,-58.19463087248323,-14.54158211608446,361.4761904761905,-19.47619047619048,-5.497651006711411
2024-07-27,2024,7,27,Saturday,30,Dinner,Roti-Paneer,4.0,Rainy,21.0,False,False,True,False,False,True,800,406,49.91,156.31,130.8,25.51,16.32,110.19,17224.21,2811.45,9,83,4.25,5,0,0,-0.72479278722912,0.6889669190756865,-0.4999999999999997,-0.8660254037844388,-0.9749279121818236,-0.2225209339563146,411.0,24.47,349.0,30.07,418.0,35.08,349.0,418.6666666666667,17.785762095936356,422.14285714285717,81.35401766646929,427.07142857142856,84.38689680067819,538.0,286.0,0,0,1,0,4.0,21.0,59,468.32941176470587,145.08555671570826,0,0,1214,404.6666666666667,33.44316309719934,2024-30,476.57142857142856,1,1,0,410.0973154362416,-4.097315436241615,-0.9991080853292321,361.4761904761905,44.52380952380952,-5.497651006711411
2024-07-27,2024,7,27,Saturday,30,Lunch,Fried Rice,4.2,Rainy,21.0,False,False,True,False,False,True,800,466,58.62,179.41,153.28,26.13,14.56,86.52,15522.07,2260.4,12,84,4.39,5,0,0,-0.72479278722912,0.6889669190756865,-0.4999999999999997,-0.8660254037844388,-0.9749279121818236,-0.2225209339563146,472.0,33.38,433.0,25.61,465.0,26.78,433.0,574.3333333333334,182.4673486773274,561.1428571428571,117.65546958730644,545.1428571428571,98.93654309929977,785.0,456.0,0,0,1,0,4.2,21.0,29,414.14285714285717,69.65159687857265,0,0,1214,404.6666666666667,38.38550247116969,2024-30,476.57142857142856,1,1,0,506.33557046979865,-40.335570469798654,-7.9661735857059535,361.4761904761905,104.52380952380952,-5.497651006711411
2024-07-28,2024,7,28,Sunday,30,Breakfast,Puri-Bhaji,4.3,Rainy,28.7,False,False,True,False,False,True,800,328,44.66,126.28,98.74,27.54,21.81,94.39,11919.38,2599.23,9,71,4.37,6,0,0,-0.5712682150947924,0.8207634412072763,-0.4999999999999997,-0.8660254037844388,-0.7818314824680299,0.6234898018587334,342.0,25.83,331.0,25.12,289.0,23.04,331.0,346.3333333333333,20.84066537645638,439.57142857142856,102.57331872512354,424.2857142857143,94.33200661773007,620.0,328.0,0,0,1,0,4.3,28.7,29,316.2857142857143,54.82089939478339,1,0,1118,372.6666666666667,29.338103756708406,2024-30,476.57142857142856,1,1,0,400.19463087248323,-72.19463087248323,-18.03987992419796,334.6984126984127,-6.69841269841271,2.202348993288588
2024-07-28,2024,7,28,Sunday,30,Dinner,Khichdi,3.0,Rainy,28.7,False,False,True,False,False,True,800,291,37.12,112.03,88.99,23.04,20.57,83.47,9352.06,1923.51,12,80,3.53,6,0,0,-0.5712682150947924,0.8207634412072763,-0.4999999999999997,-0.8660254037844388,-0.7818314824680299,0.6234898018587334,406.0,25.51,286.0,19.15,283.0,24.02,286.0,369.3333333333333,67.88470618138687,422.85714285714283,79.9696370952305,427.64285714285717,83.35706987953125,538.0,291.0,0,0,1,0,3.0,28.7,29,265.14285714285717,46.54165269454953,0,1,1118,372.6666666666667,26.028622540250446,2024-30,476.57142857142856,1,1,0,410.0973154362416,-119.09731543624162,-29.041232642440413,334.6984126984127,-43.69841269841271,2.202348993288588
2024-07-28,2024,7,28,Sunday,30,Lunch,Rice-Chicken,4.7,Rainy,28.7,False,False,True,False,False,True,800,499,57.97,192.11,161.06,31.05,16.16,131.1,25185.93,4070.87,10,87,4.47,6,0,0,-0.5712682150947924,0.8207634412072763,-0.4999999999999997,-0.8660254037844388,-0.7818314824680299,0.6234898018587334,466.0,26.13,456.0,25.24,433.0,23.68,456.0,479.0,17.578395831248354,567.2857142857143,112.24929737822342,549.8571428571429,94.66203620724168,785.0,466.0,0,0,1,0,4.7,28.7,29,422.6666666666667,73.28350117670038,1,0,1118,372.6666666666667,44.63327370304114,2024-30,476.57142857142856,1,1,0,506.33557046979865,-7.335570469798654,-1.4487566937065897,334.6984126984127,164.3015873015873,2.202348993288588
2024-07-29,2024,7,29,Monday,31,Breakfast,Idli-Sambar,3.9,Rainy,23.9,False,False,False,False,False,True,800,524,62.37,201.74,162.51,39.23,19.45,109.93,22177.77,4312.91,10,87,4.06,0,1,0,-0.3943558551133187,0.9189578116202306,-0.4999999999999997,-0.8660254037844388,0.0,1.0,328.0,27.54,460.0,34.24,541.0,30.2,460.0,398.0,109.3434954626936,448.7142857142857,107.43480858287117,423.07142857142856,92.81119319574326,620.0,328.0,0,0,0,0,0.0,23.9,30,457.4418604651163,63.9487526687177,0,0,1512,504.0,34.65608465608466,2024-31,485.23809523809524,0,0,1,400.19463087248323,123.80536912751677,30.936289389391064,459.8062015503876,64.19379844961242,-2.5976510067114127
2024-07-29,2024,7,29,Monday,31,Dinner,Roti-Dal,3.3,Rainy,23.9,False,False,False,False,False,True,800,489,59.4,188.26,162.2,26.07,13.84,113.15,21302.17,2949.27,8,64,3.71,0,1,0,-0.3943558551133187,0.9189578116202306,-0.4999999999999997,-0.8660254037844388,0.0,1.0,291.0,23.04,380.0,20.47,492.0,36.25,380.0,395.3333333333333,99.43004240838498,438.42857142857144,80.84111400943041,427.42857142857144,83.18257425290838,538.0,291.0,0,0,0,0,0.0,23.9,30,427.6744186046512,62.5028460038621,0,0,1512,504.0,32.34126984126984,2024-31,485.23809523809524,0,0,1,410.0973154362416,78.90268456375838,19.239990508064054,459.8062015503876,29.193798449612416,-2.5976510067114127
2024-07-29,2024,7,29,Monday,31,Lunch,Rice-Dal-Sabzi,3.4,Rainy,23.9,False,False,False,False,False,True,800,499,68.72,192.11,156.84,35.27,18.36,86.79,16673.48,3061.36,9,55,3.72,0,1,0,-0.3943558551133187,0.9189578116202306,-0.4999999999999997,-0.8660254037844388,0.0,1.0,499.0,31.05,540.0,41.55,585.0,41.75,540.0,488.0,19.052558883258904,561.4285714285714,114.94760711277314,543.7142857142857,94.9958934913495,785.0,466.0,0,0,0,0,0.0,23.9,30,494.30232558139534,69.65374733833367,0,0,1512,504.0,33.0026455026455,2024-31,485.23809523809524,0,0,1,506.33557046979865,-7.335570469798654,-1.4487566937065897,459.8062015503876,39.193798449612416,-2.5976510067114127
2024-07-30,2024,7,30,Tuesday,31,Breakfast,Poha,3.7,Rainy,24.5,False,False,False,False,False,True,800,518,62.46,199.43,170.33,29.1,14.59,98.55,19653.89,2867.9,12,69,3.72,1,0,0,-0.20129852008866114,0.9795299412524943,-0.4999999999999997,-0.8660254037844388,0.7818314824680298,0.6234898018587336,524.0,39.23,486.0,26.73,393.0,30.61,486.0,456.6666666666667,111.46897924235884,453.2857142857143,109.93742809088347,432.0,95.66447777358276,620.0,328.0,0,0,0,0,0.0,24.5,30,435.7906976744186,71.04142257113264,0,0,1825,608.3333333333334,28.383561643835613,2024-31,485.23809523809524,0,0,1,400.19463087248323,117.80536912751677,29.43701890019956,506.13953488372096,11.860465116279045,-1.9976510067114113
2024-07-30,2024,7,30,Tuesday,31,Dinner,Rice-Rajma,3.8,Rainy,24.5,False,False,False,False,False,True,800,652,68.21,251.02,204.58,46.44,18.5,95.84,24056.99,4450.42,10,81,3.74,1,0,0,-0.20129852008866114,0.9795299412524943,-0.4999999999999997,-0.8660254037844388,0.7818314824680298,0.6234898018587336,489.0,26.07,538.0,47.04,504.0,35.65,538.0,477.3333333333333,180.7825581557393,454.7142857142857,110.34297181321266,438.0,101.13053255760379,652.0,291.0,0,0,0,0,0.0,24.5,30,498.04651162790697,86.12475820364762,0,0,1825,608.3333333333334,35.726027397260275,2024-31,485.23809523809524,0,0,1,410.0973154362416,241.90268456375838,58.98665401075207,506.13953488372096,145.86046511627904,-1.9976510067114113
2024-07-30,2024,7,30,Tuesday,31,Lunch,Roti-Paneer,4.0,Rainy,24.5,False,False,False,False,False,True,800,655,80.22,252.17,215.16,37.01,14.68,105.86,26694.77,3918.08,11,47,3.97,1,0,0,-0.20129852008866114,0.9795299412524943,-0.4999999999999997,-0.8660254037844388,0.7818314824680298,0.6234898018587336,499.0,35.27,586.0,47.68,603.0,39.74,586.0,551.0,90.0666419935818,571.2857142857143,120.24241387812445,547.4285714285714,98.4461698170548,785.0,466.0,0,0,0,0,0.0,24.5,60,468.32941176470587,145.08555671570826,0,0,1825,608.3333333333334,35.89041095890411,2024-31,485.23809523809524,0,0,1,506.33557046979865,148.66442953020135,29.360850432108588,506.13953488372096,148.86046511627904,-1.9976510067114113
2024-07-31,2024,7,31,Wednesday,31,Breakfast,Upma,3.5,Cloudy,22.1,False,False,False,False,False,True,800,406,53.2,156.31,130.27,26.04,16.66,86.0,13442.58,2239.45,10,79,3.69,2,0,0,-2.4492935982947064e-16,1.0,-0.4999999999999997,-0.8660254037844388,0.9749279121818236,-0.22252093395631434,518.0,29.1,472.0,31.93,381.0,22.71,472.0,482.6666666666667,66.46302230062537,443.85714285714283,110.89098035372217,433.7857142857143,94.86928543359711,620.0,328.0,0,0,0,0,0.0,0.0,30,402.1162790697674,78.48482088680939,0,1,1393,464.3333333333333,29.145728643216078,2024-31,485.23809523809524,0,0,1,400.19463087248323,5.805369127516769,1.4506364352915504,470.6046511627907,-64.60465116279067,-4.39765100671141
2024-07-31,2024,7,31,Wednesday,31,Dinner,Paratha-Paneer,4.1,Cloudy,22.1,False,False,False,False,False,True,800,487,63.84,187.5,152.02,35.48,18.92,117.49,22028.04,4168.04,11,81,4.32,2,0,0,-2.4492935982947064e-16,1.0,-0.4999999999999997,-0.8660254037844388,0.9749279121818236,-0.22252093395631434,652.0,46.44,495.0,39.19,552.0,37.37,495.0,542.6666666666666,94.69072464256095,453.57142857142856,109.89670474716578,433.35714285714283,96.89773129268961,652.0,291.0,0,0,0,0,0.0,0.0,30,493.16279069767444,94.51730258140397,0,0,1393,464.3333333333333,34.96051687006461,2024-31,485.23809523809524,0,0,1,410.0973154362416,76.90268456375838,18.752301385331684,470.6046511627907,16.395348837209326,-4.39765100671141
2024-07-31,2024,7,31,Wednesday,31,Lunch,Rice-Sambar,3.6,Cloudy,22.1,False,False,False,False,False,True,800,500,65.89,192.5,161.99,30.51,15.85,95.93,18465.73,2926.89,8,69,3.94,2,0,0,-2.4492935982947064e-16,1.0,-0.4999999999999997,-0.8660254037844388,0.9749279121818236,-0.22252093395631434,655.0,37.01,623.0,42.18,481.0,28.92,623.0,551.3333333333334,89.779359171991,553.7142857142857,120.41278210903593,548.7857142857143,97.58718277396002,785.0,466.0,0,0,0,0,0.0,0.0,30,516.5348837209302,108.15494811506254,0,0,1393,464.3333333333333,35.89375448671931,2024-31,485.23809523809524,0,0,1,506.33557046979865,-6.335570469798654,-1.2512592121308512,470.6046511627907,29.395348837209326,-4.39765100671141
2024-08-01,2024,8,1,Thursday,31,Breakfast,Dosa,4.6,Rainy,22.1,False,False,False,True,False,True,800,578,66.04,222.53,173.55,48.98,22.01,143.19,31865.05,7013.34,8,77,4.53,3,0,0,0.20129852008866006,0.9795299412524945,-0.8660254037844385,-0.5000000000000004,0.43388373911755823,-0.900968867902419,406.0,26.04,620.0,38.87,532.0,46.0,620.0,500.6666666666667,87.3002481859784,437.85714285714283,100.41319397275237,437.07142857142856,99.22892280418611,578.0,328.0,0,0,0,0,0.0,22.1,30,496.3488372093023,101.6197121205963,1,0,1731,577.0,33.39110340843443,2024-31,485.23809523809524,1,1,0,400.19463087248323,177.80536912751677,44.42972379211457,502.8914728682171,75.10852713178292,-4.39765100671141
2024-08-01,2024,8,1,Thursday,31,Dinner,Rice-Curd-Pickle,3.2,Rainy,22.1,False,False,False,True,False,True,800,416,54.52,160.16,134.78,25.38,15.84,92.1,14750.98,2337.11,9,58,3.65,3,0,0,0.20129852008866006,0.9795299412524945,-0.8660254037844385,-0.5000000000000004,0.43388373911755823,-0.900968867902419,487.0,35.48,439.0,27.34,417.0,35.03,439.0,518.3333333333334,121.07986345108456,450.2857142857143,110.74552554650433,433.2857142857143,96.9110842048431,652.0,291.0,0,0,0,0,0.0,22.1,30,405.6046511627907,82.89641830819832,0,1,1731,577.0,24.032351242056617,2024-31,485.23809523809524,1,1,0,410.0973154362416,5.902684563758385,1.4393375283326093,502.8914728682171,-86.89147286821708,-4.39765100671141
2024-08-01,2024,8,1,Thursday,31,Lunch,Biryani,4.8,Rainy,22.1,False,False,False,True,False,True,800,737,82.82,283.75,232.59,51.16,18.03,120.0,34050.53,6138.95,12,54,4.46,3,0,0,0.20129852008866006,0.9795299412524945,-0.8660254037844385,-0.5000000000000004,0.43388373911755823,-0.900968867902419,500.0,30.51,785.0,62.93,635.0,45.08,785.0,630.6666666666666,120.35918466545596,546.8571428571429,105.48843312804296,556.0714285714286,107.79286710076059,737.0,466.0,0,0,0,0,0.0,22.1,30,606.7209302325581,110.13462013143287,1,0,1731,577.0,42.576545349508955,2024-31,485.23809523809524,1,1,0,506.33557046979865,230.66442953020135,45.55564392131913,502.8914728682171,234.10852713178292,-4.39765100671141
2024-08-02,2024,8,2,Friday,31,Breakfast,Paratha-Curry,3.7,Rainy,21.5,False,False,False,True,False,True,800,409,49.45,157.46,127.74,29.73,18.88,149.18,23490.57,4434.65,11,57,4.09,4,0,1,0.39435585511331855,0.9189578116202306,-0.8660254037844385,-0.5000000000000004,-0.433883739117558,-0.9009688679024191,578.0,48.98,369.0,25.92,362.0,30.97,369.0,464.3333333333333,98.4496487212292,443.57142857142856,96.9189646781567,440.42857142857144,97.26942304414408,578.0,328.0,0,0,0,0,0.0,21.5,30,367.85714285714283,69.70270367033623,0,0,1425,475.0,28.70175438596491,2024-31,485.23809523809524,1,1,0,400.19463087248323,8.80536912751677,2.200271679887301,432.13492063492066,-23.13492063492066,-4.997651006711411
2024-08-02,2024,8,2,Friday,31,Dinner,Noodles,4.2,Rainy,21.5,False,False,False,True,False,True,800,487,58.08,187.5,160.46,27.03,14.42,84.69,15879.11,2289.23,11,80,4.17,4,0,1,0.39435585511331855,0.9189578116202306,-0.8660254037844385,-0.5000000000000004,-0.433883739117558,-0.9009688679024191,416.0,25.38,411.0,24.47,427.0,32.61,411.0,463.3333333333333,40.991869112462446,461.14285714285717,109.97488890867864,437.57142857142856,97.9330338592605,652.0,291.0,0,0,0,0,0.0,21.5,30,427.35714285714283,84.50424189917749,0,0,1425,475.0,34.175438596491226,2024-31,485.23809523809524,1,1,0,410.0973154362416,76.90268456375838,18.752301385331684,432.13492063492066,54.86507936507934,-4.997651006711411
2024-08-02,2024,8,2,Friday,31,Lunch,Chole-Bhature,4.5,Rainy,21.5,False,False,False,True,False,True,800,529,69.28,203.66,168.99,34.67,17.03,138.39,28184.7,4798.51,10,65,4.61,4,0,1,0.39435585511331855,0.9189578116202306,-0.8660254037844385,-0.5000000000000004,-0.433883739117558,-0.9009688679024191,737.0,51.16,472.0,33.38,534.0,31.82,472.0,588.6666666666666,129.27619012537983,555.0,100.84476519218407,555.7142857142857,107.87986806659512,737.0,466.0,0,0,0,0,0.0,21.5,30,501.1904761904762,97.64825828507733,1,0,1425,475.0,37.122807017543856,2024-31,485.23809523809524,1,1,0,506.33557046979865,22.664429530201346,4.4761677535655595,432.13492063492066,96.86507936507934,-4.997651006711411
2024-08-03,2024,8,3,Saturday,31,Breakfast,Bread-Omelette,3.9,Rainy,24.6,False,False,True,True,False,True,800,304,43.45,117.04,93.38,23.66,20.22,112.07,13116.79,2651.74,8,89,4.06,5,0,0,0.5712682150947923,0.8207634412072763,-0.8660254037844385,-0.5000000000000004,-0.9749279121818236,-0.2225209339563146,409.0,29.73,342.0,25.83,323.0,17.55,342.0,430.3333333333333,138.24012924376706,438.14285714285717,104.33668030536013,439.07142857142856,99.14826837055263,578.0,304.0,0,0,1,0,3.9,24.6,30,320.9761904761905,53.05978592771122,0,0,1237,412.3333333333333,24.575586095392076,2024-31,485.23809523809524,2,1,0,400.19463087248323,-96.19463087248323,-24.03696188096396,361.4761904761905,-57.47619047619048,-1.8976510067114098
2024-08-03,2024,8,3,Saturday,31,Dinner,Roti-Paneer,4.0,Rainy,24.6,False,False,True,True,False,True,800,433,47.42,166.7,137.73,28.98,17.38,133.09,22186.17,3856.49,8,51,4.1,5,0,0,0.5712682150947923,0.8207634412072763,-0.8660254037844385,-0.5000000000000004,-0.9749279121818236,-0.2225209339563146,487.0,27.03,406.0,25.51,349.0,30.07,406.0,445.3333333333333,37.072002014097414,465.0,108.17732356336678,443.57142857142856,94.60583352131977,652.0,291.0,0,0,1,0,4.0,24.6,61,468.32941176470587,145.08555671570826,0,0,1237,412.3333333333333,35.00404203718674,2024-31,485.23809523809524,2,1,0,410.0973154362416,22.902684563758385,5.58469507155774,361.4761904761905,71.52380952380952,-1.8976510067114098
2024-08-03,2024,8,3,Saturday,31,Lunch,Fried Rice,4.2,Rainy,24.6,False,False,True,True,False,True,800,500,55.69,192.5,157.89,34.61,17.98,109.37,21054.03,3784.82,11,54,4.06,5,0,0,0.5712682150947923,0.8207634412072763,-0.8660254037844385,-0.5000000000000004,-0.9749279121818236,-0.2225209339563146,529.0,34.67,466.0,26.13,433.0,25.61,466.0,588.6666666666666,129.27619012537983,559.8571428571429,96.57195688781982,560.5,103.41086834713131,737.0,499.0,0,0,1,0,4.2,24.6,30,414.14285714285717,69.65159687857265,0,0,1237,412.3333333333333,40.42037186742118,2024-31,485.23809523809524,2,1,0,506.33557046979865,-6.335570469798654,-1.2512592121308512,361.4761904761905,138.52380952380952,-1.8976510067114098
2024-08-04,2024,8,4,Sunday,31,Breakfast,Puri-Bhaji,4.3,Rainy,22.2,False,False,True,True,False,True,800,328,42.43,126.28,100.86,25.42,20.13,117.49,14837.19,2986.2,10,71,4.18,6,0,0,0.72479278722912,0.6889669190756866,-0.8660254037844385,-0.5000000000000004,-0.7818314824680299,0.6234898018587334,304.0,23.66,328.0,27.54,331.0,25.12,328.0,347.0,55.01817881391647,438.14285714285717,104.33668030536013,438.85714285714283,99.40272178819403,578.0,304.0,0,0,1,0,4.3,22.2,30,316.2857142857143,54.82089939478339,1,0,1067,355.6666666666667,30.740393626991562,2024-31,485.23809523809524,2,1,0,400.19463087248323,-72.19463087248323,-18.03987992419796,334.6984126984127,-6.69841269841271,-4.297651006711412
2024-08-04,2024,8,4,Sunday,31,Dinner,Khichdi,3.0,Rainy,22.2,False,False,True,True,False,True,800,289,35.27,111.27,90.05,21.21,19.06,123.28,13716.43,2614.88,11,47,3.33,6,0,0,0.72479278722912,0.6889669190756866,-0.8660254037844385,-0.5000000000000004,-0.7818314824680299,0.6234898018587334,433.0,28.98,291.0,23.04,286.0,19.15,291.0,403.0,102.35233265539134,464.7142857142857,108.71478630758916,443.7857142857143,94.2241015806532,652.0,289.0,0,0,1,0,3.0,22.2,30,265.14285714285717,46.54165269454953,0,1,1067,355.6666666666667,27.085285848172447,2024-31,485.23809523809524,2,1,0,410.0973154362416,-121.09731543624162,-29.52892176517278,334.6984126984127,-45.69841269841271,-4.297651006711412
2024-08-04,2024,8,4,Sunday,31,Lunch,Rice-Chicken,4.7,Rainy,22.2,False,False,True,True,False,True,800,450,55.07,173.25,144.19,29.06,16.77,120.04,20797.21,3488.66,11,47,4.42,6,0,0,0.72479278722912,0.6889669190756866,-0.8660254037844385,-0.5000000000000004,-0.7818314824680299,0.6234898018587334,500.0,34.61,499.0,31.05,456.0,25.24,499.0,493.0,39.96248240537698,552.8571428571429,103.26249492019319,560.0714285714286,103.88859734995316,737.0,450.0,0,0,1,0,4.7,22.2,30,422.6666666666667,73.28350117670038,1,0,1067,355.6666666666667,42.17432052483599,2024-31,485.23809523809524,2,1,0,506.33557046979865,-56.335570469798654,-11.126133290917767,334.6984126984127,115.30158730158729,-4.297651006711412
2024-08-05,2024,8,5,Monday,32,Breakfast,Idli-Sambar,3.9,Sunny,26.0,False,False,False,True,False,True,800,499,53.86,192.11,160.51,31.6,16.45,83.45,16032.07,2637.26,11,62,4.18,0,1,0,0.8486442574947509,0.5289640103269624,-0.8660254037844385,-0.5000000000000004,0.0,1.0,328.0,25.42,524.0,39.23,460.0,34.24,524.0,377.0,106.33437826027897,434.57142857142856,101.2914230374539,441.64285714285717,100.58032162854276,578.0,304.0,0,0,0,0,0.0,0.0,31,457.4418604651163,63.9487526687177,0,0,1349,449.6666666666667,36.99036323202372,2024-32,455.2857142857143,1,1,0,400.19463087248323,98.80536912751677,24.68932901775981,459.8062015503876,39.193798449612416,-0.49765100671141127
2024-08-05,2024,8,5,Monday,32,Dinner,Roti-Dal,3.3,Sunny,26.0,False,False,False,True,False,True,800,383,51.3,147.45,120.53,26.92,18.26,128.73,18982.29,3465.79,8,59,3.42,0,1,0,0.8486442574947509,0.5289640103269624,-0.8660254037844385,-0.5000000000000004,0.0,1.0,289.0,21.21,489.0,26.07,380.0,20.47,489.0,368.3333333333333,73.1117865554741,449.57142857142856,112.09795886166883,444.0,94.07116782194505,652.0,289.0,0,0,0,0,0.0,0.0,31,427.6744186046512,62.5028460038621,0,0,1349,449.6666666666667,28.39140103780578,2024-32,455.2857142857143,1,1,0,410.0973154362416,-27.097315436241615,-6.607532996751468,459.8062015503876,-76.80620155038758,-0.49765100671141127
2024-08-05,2024,8,5,Monday,32,Lunch,Rice-Dal-Sabzi,3.4,Sunny,26.0,False,False,False,True,False,True,800,467,59.35,179.8,139.26,40.53,22.54,137.22,24670.93,5561.65,10,64,3.56,0,1,0,0.8486442574947509,0.5289640103269624,-0.8660254037844385,-0.5000000000000004,0.0,1.0,450.0,29.06,499.0,35.27,540.0,41.55,499.0,472.3333333333333,25.423086620892597,548.2857142857143,106.69538303930881,554.8571428571429,106.7656363204057,737.0,450.0,0,0,0,0,0.0,0.0,31,494.30232558139534,69.65374733833367,0,0,1349,449.6666666666667,34.6182357301705,2024-32,455.2857142857143,1,1,0,506.33557046979865,-39.335570469798654,-7.768676104130215,459.8062015503876,7.193798449612416,-0.49765100671141127
2024-08-06,2024,8,6,Tuesday,32,Breakfast,Poha,3.7,Sunny,19.9,False,False,False,True,False,True,800,405,53.94,155.93,126.77,29.16,18.7,137.81,21487.66,4017.98,10,71,3.91,1,0,0,0.9377521321470804,0.3473052528448203,-0.8660254037844385,-0.5000000000000004,0.7818314824680298,0.6234898018587336,499.0,31.6,518.0,29.1,486.0,26.73,518.0,410.6666666666667,85.6407224008148,418.42857142857144,94.56013455795788,435.85714285714283,100.1612984854216,578.0,304.0,0,0,0,0,0.0,0.0,31,435.7906976744186,71.04142257113264,0,0,1495,498.3333333333333,27.09030100334448,2024-32,455.2857142857143,1,1,0,400.19463087248323,4.805369127516769,1.2007580204263002,506.13953488372096,-101.13953488372096,-6.597651006711413
2024-08-06,2024,8,6,Tuesday,32,Dinner,Rice-Rajma,3.8,Sunny,19.9,False,False,False,True,False,True,800,538,58.91,207.13,176.38,30.75,14.84,137.47,28474.41,4226.67,12,55,3.74,1,0,0,0.9377521321470804,0.3473052528448203,-0.8660254037844385,-0.5000000000000004,0.7818314824680298,0.6234898018587336,383.0,26.92,652.0,46.44,538.0,47.04,652.0,403.3333333333333,125.7391479744205,433.2857142857143,82.03802834806618,444.0,94.07116782194505,538.0,289.0,0,0,0,0,0.0,0.0,31,498.04651162790697,86.12475820364762,0,0,1495,498.3333333333333,35.986622073578594,2024-32,455.2857142857143,1,1,0,410.0973154362416,127.90268456375838,31.188374015007074,506.13953488372096,31.860465116279045,-6.597651006711413
2024-08-06,2024,8,6,Tuesday,32,Lunch,Roti-Paneer,4.0,Sunny,19.9,False,False,False,True,False,True,800,552,69.28,212.52,165.95,46.57,21.92,110.92,23572.75,5166.1,11,76,4.19,1,0,0,0.9377521321470804,0.3473052528448203,-0.8660254037844385,-0.5000000000000004,0.7818314824680298,0.6234898018587336,467.0,40.53,655.0,37.01,586.0,47.68,655.0,489.6666666666667,54.647354312294034,533.5714285714286,96.10212821586785,552.4285714285714,106.38877491808739,737.0,450.0,0,0,0,0,0.0,0.0,62,468.32941176470587,145.08555671570826,0,0,1495,498.3333333333333,36.92307692307693,2024-32,455.2857142857143,1,1,0,506.33557046979865,45.664429530201346,9.01860982980754,506.13953488372096,45.860465116279045,-6.597651006711413
2024-08-07,2024,8,7,Wednesday,32,Breakfast,Upma,3.5,Cloudy,22.4,False,False,False,True,False,True,800,411,50.54,158.24,128.08,30.16,19.06,134.64,21304.15,4060.6,12,81,3.51,2,0,0,0.9884683243281114,0.1514277775045767,-0.8660254037844385,-0.5000000000000004,0.9749279121818236,-0.22252093395631434,405.0,29.16,406.0,26.04,472.0,31.93,406.0,438.3333333333333,52.62445565830984,419.14285714285717,94.46944580379544,431.5,99.79421133204379,578.0,304.0,0,0,0,0,0.0,0.0,31,402.1162790697674,78.48482088680939,0,1,1441,480.3333333333333,28.521859819569745,2024-32,455.2857142857143,1,1,0,400.19463087248323,10.80536912751677,2.7000285096178014,470.6046511627907,-59.604651162790674,-4.097651006711413
2024-08-07,2024,8,7,Wednesday,32,Dinner,Paratha-Paneer,4.1,Cloudy,22.4,False,False,False,True,False,True,800,531,60.65,204.44,158.91,45.52,22.27,105.23,21511.93,4790.2,9,62,4.09,2,0,0,0.9884683243281114,0.1514277775045767,-0.8660254037844385,-0.5000000000000004,0.9749279121818236,-0.22252093395631434,538.0,30.75,487.0,35.48,495.0,39.19,487.0,484.0,87.53856293085876,439.57142857142856,88.28713976349592,446.57142857142856,96.04383156880775,538.0,289.0,0,0,0,0,0.0,0.0,31,493.16279069767444,94.51730258140397,0,0,1441,480.3333333333333,36.84941013185288,2024-32,455.2857142857143,1,1,0,410.0973154362416,120.90268456375838,29.481462085443788,470.6046511627907,60.395348837209326,-4.097651006711413
2024-08-07,2024,8,7,Wednesday,32,Lunch,Rice-Sambar,3.6,Cloudy,22.4,False,False,False,True,False,True,800,499,62.6,192.11,151.82,40.3,20.97,138.31,26570.48,5573.13,8,60,3.58,2,0,0,0.9884683243281114,0.1514277775045767,-0.8660254037844385,-0.5000000000000004,0.9749279121818236,-0.22252093395631434,552.0,46.57,500.0,30.51,623.0,42.18,500.0,506.0,42.93017586733207,533.4285714285714,96.16107518612941,543.5714285714286,105.21678301759403,737.0,450.0,0,0,0,0,0.0,0.0,31,516.5348837209302,108.15494811506254,0,0,1441,480.3333333333333,34.628730048577374,2024-32,455.2857142857143,1,1,0,506.33557046979865,-7.335570469798654,-1.4487566937065897,470.6046511627907,28.395348837209326,-4.097651006711413
2024-08-08,2024,8,8,Thursday,32,Breakfast,Dosa,4.6,Rainy,31.6,False,False,False,True,False,True,800,505,66.04,194.43,157.25,37.17,19.12,144.62,28116.8,5375.57,8,60,4.44,3,0,0,0.9987165071710528,-0.05064916883871264,-0.8660254037844385,-0.5000000000000004,0.43388373911755823,-0.900968867902419,411.0,30.16,578.0,48.98,620.0,38.87,578.0,440.3333333333333,56.08327142146238,408.7142857142857,76.29048495872956,423.2857142857143,86.99728428248476,505.0,304.0,0,0,0,0,0.0,31.6,31,496.3488372093023,101.6197121205963,1,0,1613,537.6666666666666,31.308121512709235,2024-32,455.2857142857143,1,1,0,400.19463087248323,104.80536912751677,26.18859950695131,502.8914728682171,2.108527131782921,5.10234899328859
2024-08-08,2024,8,8,Thursday,32,Dinner,Rice-Curd-Pickle,3.2,Rainy,31.6,False,False,False,True,False,True,800,472,54.52,181.72,146.11,35.61,19.6,138.64,25192.89,4937.24,10,89,3.33,3,0,0,0.9987165071710528,-0.05064916883871264,-0.8660254037844385,-0.5000000000000004,0.43388373911755823,-0.900968867902419,531.0,45.52,416.0,25.38,439.0,27.34,416.0,513.6666666666666,36.253735439720806,447.57142857142856,88.33243485616744,448.92857142857144,96.24844796807719,538.0,289.0,0,0,0,0,0.0,31.6,31,405.6046511627907,82.89641830819832,0,1,1613,537.6666666666666,29.26224426534408,2024-32,455.2857142857143,1,1,0,410.0973154362416,61.902684563758385,15.094632964838922,502.8914728682171,-30.89147286821708,5.10234899328859
2024-08-08,2024,8,8,Thursday,32,Lunch,Biryani,4.8,Rainy,31.6,False,False,False,True,False,True,800,636,82.82,244.86,202.43,42.43,17.33,92.43,22632.62,3921.53,11,82,4.66,3,0,0,0.9987165071710528,-0.05064916883871264,-0.8660254037844385,-0.5000000000000004,0.43388373911755823,-0.900968867902419,499.0,40.3,737.0,51.16,785.0,62.93,737.0,562.3333333333334,69.08207678792937,519.0,62.05374015050756,532.9285714285714,84.3923659377521,636.0,450.0,0,0,0,0,0.0,31.6,31,606.7209302325581,110.13462013143287,1,0,1613,537.6666666666666,39.429634221946685,2024-32,455.2857142857143,1,1,0,506.33557046979865,129.66442953020135,25.60839828216956,502.8914728682171,133.10852713178292,5.10234899328859
2024-08-09,2024,8,9,Friday,32,Breakfast,Paratha-Curry,3.7,Rainy,26.0,False,False,False,True,False,True,800,453,49.45,174.41,135.55,38.85,22.28,139.77,24376.15,5430.01,9,59,3.93,4,0,1,0.9680771188662043,-0.2506525322587204,-0.8660254037844385,-0.5000000000000004,-0.433883739117558,-0.9009688679024191,505.0,37.17,409.0,29.73,369.0,25.92,409.0,456.3333333333333,47.08856903042838,415.0,78.10889834071436,429.2857142857143,85.85446412964798,505.0,304.0,0,0,0,0,0.0,26.0,31,367.85714285714283,69.70270367033623,0,0,1482,494.0,30.5668016194332,2024-32,455.2857142857143,1,1,0,400.19463087248323,52.80536912751677,13.194921933958307,432.13492063492066,20.86507936507934,-0.49765100671141127
2024-08-09,2024,8,9,Friday,32,Dinner,Noodles,4.2,Rainy,26.0,False,False,False,True,False,True,800,450,58.08,173.25,146.16,27.09,15.63,133.73,23168.74,3622.11,8,75,4.4,4,0,1,0.9680771188662043,-0.2506525322587204,-0.8660254037844385,-0.5000000000000004,-0.433883739117558,-0.9009688679024191,472.0,35.61,487.0,27.03,411.0,24.47,487.0,484.3333333333333,41.88476254359401,442.2857142857143,86.67124530030001,451.7142857142857,95.62863151188083,538.0,289.0,0,0,0,0,0.0,26.0,31,427.35714285714283,84.50424189917749,0,0,1482,494.0,30.364372469635626,2024-32,455.2857142857143,1,1,0,410.0973154362416,39.902684563758385,9.73005261478287,432.13492063492066,17.86507936507934,-0.49765100671141127
2024-08-09,2024,8,9,Friday,32,Lunch,Chole-Bhature,4.5,Rainy,26.0,False,False,False,True,False,True,800,579,69.28,222.91,185.99,36.93,16.57,98.84,22031.99,3649.91,11,77,4.21,4,0,1,0.9680771188662043,-0.2506525322587204,-0.8660254037844385,-0.5000000000000004,-0.433883739117558,-0.9009688679024191,636.0,42.43,529.0,34.67,472.0,33.38,529.0,571.3333333333334,68.82102391953613,526.1428571428571,66.13982303027612,540.5714285714286,83.28792902263301,636.0,450.0,0,0,0,0,0.0,26.0,31,501.1904761904762,97.64825828507733,1,0,1482,494.0,39.068825910931174,2024-32,455.2857142857143,1,1,0,506.33557046979865,72.66442953020135,14.351041832352474,432.13492063492066,146.86507936507934,-0.49765100671141127
2024-08-10,2024,8,10,Saturday,32,Breakfast,Bread-Omelette,3.9,Cloudy,25.8,False,False,True,True,False,True,800,344,39.5,132.44,109.58,22.86,17.26,80.59,10673.67,1842.53,10,83,4.14,5,0,0,0.8978045395707416,-0.4403941515576344,-0.8660254037844385,-0.5000000000000004,-0.9749279121818236,-0.2225209339563146,453.0,38.85,304.0,23.66,342.0,25.83,304.0,434.0,82.1644692065864,420.7142857142857,69.6388643544069,429.42857142857144,85.69957749264336,505.0,328.0,0,0,0,0,3.9,0.0,31,320.9761904761905,53.05978592771122,0,0,1132,377.3333333333333,30.3886925795053,2024-32,455.2857142857143,2,1,0,400.19463087248323,-56.19463087248323,-14.041825286353957,361.4761904761905,-17.47619047619048,-0.6976510067114106
2024-08-10,2024,8,10,Saturday,32,Dinner,Roti-Paneer,4.0,Cloudy,25.8,False,False,True,True,False,True,800,357,43.11,137.44,116.85,20.6,14.99,112.13,15411.69,2309.53,9,74,3.99,5,0,0,0.8978045395707416,-0.4403941515576344,-0.8660254037844385,-0.5000000000000004,-0.9749279121818236,-0.2225209339563146,450.0,27.09,433.0,28.98,406.0,25.51,433.0,426.3333333333333,61.04370019365824,431.42857142857144,92.58663896203235,448.2142857142857,98.29013454793149,538.0,289.0,0,0,0,0,4.0,0.0,63,468.32941176470587,145.08555671570826,0,0,1132,377.3333333333333,31.537102473498237,2024-32,455.2857142857143,2,1,0,410.0973154362416,-53.097315436241615,-12.947491592272256,361.4761904761905,-4.476190476190482,-0.6976510067114106
2024-08-10,2024,8,10,Saturday,32,Lunch,Fried Rice,4.2,Cloudy,25.8,False,False,True,True,False,True,800,431,50.63,165.94,132.83,33.1,19.95,147.69,24507.22,4889.28,10,72,4.39,5,0,0,0.8978045395707416,-0.4403941515576344,-0.8660254037844385,-0.5000000000000004,-0.9749279121818236,-0.2225209339563146,579.0,36.93,500.0,34.61,466.0,26.13,500.0,548.6666666666666,105.81272765283663,516.2857142857143,75.20574952691321,538.0714285714286,86.17376388679801,636.0,431.0,0,0,0,0,4.2,0.0,31,414.14285714285717,69.65159687857265,0,0,1132,377.3333333333333,38.07420494699647,2024-32,455.2857142857143,2,1,0,506.33557046979865,-75.33557046979865,-14.878585440856792,361.4761904761905,69.52380952380952,-0.6976510067114106
2024-08-11,2024,8,11,Sunday,32,Breakfast,Puri-Bhaji,4.3,Cloudy,27.2,False,False,True,True,False,True,800,336,38.57,129.36,107.29,22.07,17.06,120.91,15641.45,2668.14,8,77,4.51,6,0,0,0.7907757369376989,-0.6121059825476626,-0.8660254037844385,-0.5000000000000004,-0.7818314824680299,0.6234898018587334,344.0,22.86,328.0,25.42,328.0,27.54,328.0,377.6666666666667,65.36308846232268,421.85714285714283,67.90785072785212,430.0,84.99502247869488,505.0,336.0,0,0,0,0,4.3,0.0,31,316.2857142857143,54.82089939478339,1,0,1049,349.6666666666667,32.030505243088655,2024-32,455.2857142857143,2,1,0,400.19463087248323,-64.19463087248323,-16.04085260527596,334.6984126984127,1.3015873015872899,0.702348993288588
2024-08-11,2024,8,11,Sunday,32,Dinner,Khichdi,3.0,Cloudy,27.2,False,False,True,True,False,True,800,269,32.06,103.56,82.69,20.88,20.16,127.91,13246.89,2670.24,11,49,3.3,6,0,0,0.7907757369376989,-0.6121059825476626,-0.8660254037844385,-0.5000000000000004,-0.7818314824680299,0.6234898018587334,357.0,20.6,289.0,21.21,291.0,23.04,289.0,358.6666666666667,90.51150939705514,428.57142857142856,97.872122593476,446.64285714285717,101.13175499382871,538.0,269.0,0,0,0,0,3.0,0.0,31,265.14285714285717,46.54165269454953,0,1,1049,349.6666666666667,25.643469971401334,2024-32,455.2857142857143,2,1,0,410.0973154362416,-141.09731543624162,-34.40581299249646,334.6984126984127,-65.69841269841271,0.702348993288588
2024-08-11,2024,8,11,Sunday,32,Lunch,Rice-Chicken,4.7,Cloudy,27.2,False,False,True,True,False,True,800,444,50.07,170.94,147.11,23.83,13.94,138.76,23719.03,3306.68,12,86,4.61,6,0,0,0.7907757369376989,-0.6121059825476626,-0.8660254037844385,-0.5000000000000004,-0.7818314824680299,0.6234898018587334,431.0,33.1,450.0,29.06,499.0,31.05,450.0,484.6666666666667,81.95323869947676,515.4285714285714,76.11582652523123,534.1428571428571,89.28938014452469,636.0,431.0,0,0,0,0,4.7,0.0,31,422.6666666666667,73.28350117670038,1,0,1049,349.6666666666667,42.32602478551001,2024-32,455.2857142857143,2,1,0,506.33557046979865,-62.335570469798654,-12.311118180372196,334.6984126984127,109.30158730158729,0.702348993288588
2024-08-12,2024,8,12,Monday,33,Breakfast,Idli-Sambar,3.9,Rainy,23.5,False,False,False,True,False,True,800,479,59.25,184.41,147.95,36.46,19.77,99.38,18327.52,3623.62,10,57,3.85,0,1,0,0.6513724827222223,-0.758758122692791,-0.8660254037844385,-0.5000000000000004,0.0,1.0,336.0,22.07,499.0,31.6,524.0,39.23,499.0,386.3333333333333,80.35131195776098,419.0,64.4541180479059,426.7857142857143,81.963574059014,505.0,336.0,0,0,0,0,0.0,23.5,32,457.4418604651163,63.9487526687177,0,0,1472,490.6666666666667,32.54076086956522,2024-33,260.8095238095238,1,1,0,400.19463087248323,78.80536912751677,19.69176072045481,459.8062015503876,19.193798449612416,-2.9976510067114113
2024-08-12,2024,8,12,Monday,33,Dinner,Roti-Dal,3.3,Rainy,23.5,False,False,False,True,False,True,800,421,56.43,162.09,135.28,26.81,16.54,130.49,21150.44,3497.98,11,63,3.48,0,1,0,0.6513724827222223,-0.758758122692791,-0.8660254037844385,-0.5000000000000004,0.0,1.0,269.0,20.88,383.0,26.92,489.0,26.07,383.0,349.0,76.31513611335477,434.0,95.95832428716133,441.7857142857143,100.57234561894556,538.0,269.0,0,0,0,0,0.0,23.5,32,427.6744186046512,62.5028460038621,0,0,1472,490.6666666666667,28.60054347826087,2024-33,260.8095238095238,1,1,0,410.0973154362416,10.902684563758385,2.6585603351635303,459.8062015503876,-38.806201550387584,-2.9976510067114113
2024-08-12,2024,8,12,Monday,33,Lunch,Rice-Dal-Sabzi,3.4,Rainy,23.5,False,False,False,True,False,True,800,572,65.29,220.22,185.49,34.73,15.77,142.98,31486.64,4964.94,12,70,3.73,0,1,0,0.6513724827222223,-0.758758122692791,-0.8660254037844385,-0.5000000000000004,0.0,1.0,444.0,23.83,467.0,40.53,499.0,35.27,467.0,482.3333333333333,77.92517778826952,530.4285714285714,75.32342960606016,539.3571428571429,89.21073335117798,636.0,431.0,0,0,0,0,0.0,23.5,32,494.30232558139534,69.65374733833367,0,0,1472,490.6666666666667,38.858695652173914,2024-33,260.8095238095238,1,1,0,506.33557046979865,65.66442953020135,12.968559461322307,459.8062015503876,112.19379844961242,-2.9976510067114113
2024-08-13,2024,8,13,Tuesday,33,Breakfast,Poha,3.7,Rainy,25.1,False,True,False,True,False,True,800,183,23.74,70.45,56.93,13.53,19.2,82.47,5810.59,1115.49,12,57,3.79,1,0,0,0.48530196253108104,-0.8743466161445821,-0.8660254037844385,-0.5000000000000004,0.7818314824680298,0.6234898018587336,479.0,36.46,405.0,29.16,518.0,29.1,405.0,332.6666666666667,148.0281504759599,387.2857142857143,110.59342097025844,402.85714285714283,100.16513837186537,505.0,183.0,0,0,0,0,0.0,25.1,32,435.7906976744186,71.04142257113264,0,0,654,218.0,27.981651376146786,2024-33,260.8095238095238,2,1,0,400.19463087248323,-217.19463087248323,-54.27225007965922,506.13953488372096,-323.13953488372096,-1.3976510067114098
2024-08-13,2024,8,13,Tuesday,33,Dinner,Rice-Rajma,3.8,Rainy,25.1,False,True,False,True,False,True,800,228,25.92,87.78,70.23,17.55,20.0,91.9,8066.9,1613.24,12,56,3.84,1,0,0,0.48530196253108104,-0.8743466161445821,-0.8660254037844385,-0.5000000000000004,0.7818314824680298,0.6234898018587336,421.0,26.81,538.0,30.75,652.0,46.44,538.0,306.0,101.68087332433689,389.7142857142857,110.40790171860333,411.5,96.14312247893753,531.0,228.0,0,0,0,0,0.0,25.1,32,498.04651162790697,86.12475820364762,0,0,654,218.0,34.862385321100916,2024-33,260.8095238095238,2,1,0,410.0973154362416,-182.09731543624162,-44.40344000851002,506.13953488372096,-278.13953488372096,-1.3976510067114098
2024-08-13,2024,8,13,Tuesday,33,Lunch,Roti-Paneer,4.0,Rainy,25.1,False,True,False,True,False,True,800,243,30.48,93.56,78.36,15.2,16.24,128.04,11978.99,1945.64,11,87,4.01,1,0,0,0.48530196253108104,-0.8743466161445821,-0.8660254037844385,-0.5000000000000004,0.7818314824680298,0.6234898018587336,572.0,34.73,552.0,46.57,655.0,37.01,552.0,419.6666666666667,165.8443044947081,486.2857142857143,130.73601172555627,509.92857142857144,112.92983818127244,636.0,243.0,0,0,0,0,0.0,25.1,64,468.32941176470587,145.08555671570826,0,0,654,218.0,37.15596330275229,2024-33,260.8095238095238,2,1,0,506.33557046979865,-263.33557046979865,-52.008111977095595,506.13953488372096,-263.13953488372096,-1.3976510067114098
2024-08-14,2024,8,14,Wednesday,33,Breakfast,Upma,3.5,Rainy,24.6,False,True,False,True,False,True,800,177,22.24,68.14,57.25,10.9,15.99,130.76,8910.85,1424.99,12,56,3.93,2,0,0,0.29936312297335804,-0.9541392564000488,-0.8660254037844385,-0.5000000000000004,0.9749279121818236,-0.22252093395631434,183.0,13.53,411.0,30.16,406.0,26.04,411.0,279.6666666666667,172.65379617411668,353.85714285714283,134.9202586362634,386.5,116.91071543966949,505.0,177.0,0,0,0,0,0.0,24.6,32,402.1162790697674,78.48482088680939,0,1,598,199.33333333333334,29.59866220735786,2024-33,260.8095238095238,2,1,0,400.19463087248323,-223.19463087248323,-55.77152056885073,470.6046511627907,-293.6046511627907,-1.8976510067114098
2024-08-14,2024,8,14,Wednesday,33,Dinner,Paratha-Paneer,4.1,Rainy,24.6,False,True,False,True,False,True,800,225,26.69,86.62,73.8,12.82,14.81,109.43,9479.64,1403.48,10,68,4.04,2,0,0,0.29936312297335804,-0.9541392564000488,-0.8660254037844385,-0.5000000000000004,0.9749279121818236,-0.22252093395631434,228.0,17.55,531.0,45.52,487.0,35.48,531.0,291.3333333333333,112.30464519926667,346.0,105.61881145578822,392.7857142857143,105.37272933692141,472.0,225.0,0,0,0,0,0.0,24.6,32,493.16279069767444,94.51730258140397,0,0,598,199.33333333333334,37.62541806020067,2024-33,260.8095238095238,2,1,0,410.0973154362416,-185.09731543624162,-45.13497369260857,470.6046511627907,-245.60465116279067,-1.8976510067114098
2024-08-14,2024,8,14,Wednesday,33,Lunch,Rice-Sambar,3.6,Rainy,24.6,False,True,False,True,False,True,800,196,27.54,75.46,64.48,10.98,14.55,125.81,9493.65,1381.25,9,67,3.67,2,0,0,0.29936312297335804,-0.9541392564000488,-0.8660254037844385,-0.5000000000000004,0.9749279121818236,-0.22252093395631434,243.0,15.2,499.0,40.3,500.0,30.51,499.0,337.0,204.8682503464121,443.0,170.06861360443122,488.2142857142857,140.77870171706684,636.0,196.0,0,0,0,0,0.0,24.6,32,516.5348837209302,108.15494811506254,0,0,598,199.33333333333334,32.77591973244147,2024-33,260.8095238095238,2,1,0,506.33557046979865,-310.33557046979865,-61.29049361115529,470.6046511627907,-274.6046511627907,-1.8976510067114098
2024-08-15,2024,8,15,Thursday,33,Breakfast,Dosa,4.6,Rainy,25.9,False,True,False,False,False,True,800,260,27.81,100.1,85.1,15.0,14.99,112.94,11305.05,1694.51,12,82,4.69,3,0,0,0.10116832198743272,-0.994869323391895,-0.8660254037844385,-0.5000000000000004,0.43388373911755823,-0.900968867902419,177.0,10.9,505.0,37.17,578.0,48.98,505.0,206.66666666666666,46.28534685333394,318.85714285714283,120.1463393414167,363.7857142857143,107.34285728910422,479.0,177.0,0,0,0,0,0.0,25.9,32,496.3488372093023,101.6197121205963,1,0,717,239.0,36.26220362622036,2024-33,260.8095238095238,1,1,0,400.19463087248323,-140.19463087248323,-35.03161213503497,502.8914728682171,-242.89147286821708,-0.5976510067114127
2024-08-15,2024,8,15,Thursday,33,Dinner,Rice-Curd-Pickle,3.2,Rainy,25.9,False,True,False,False,False,True,800,186,22.95,71.61,57.82,13.79,19.26,100.88,7224.37,1391.24,8,54,3.35,3,0,0,0.10116832198743272,-0.994869323391895,-0.8660254037844385,-0.5000000000000004,0.43388373911755823,-0.900968867902419,225.0,12.82,472.0,35.61,416.0,25.38,472.0,213.0,23.430749027715848,305.14285714285717,104.05996439782301,376.35714285714283,118.57721090097785,450.0,186.0,0,0,0,0,0.0,25.9,32,405.6046511627907,82.89641830819832,0,1,717,239.0,25.94142259414226,2024-33,260.8095238095238,1,1,0,410.0973154362416,-224.09731543624162,-54.644911585889744,502.8914728682171,-316.8914728682171,-0.5976510067114127
2024-08-15,2024,8,15,Thursday,33,Lunch,Biryani,4.8,Rainy,25.9,False,True,False,False,False,True,800,271,34.87,104.34,81.3,23.04,22.08,142.26,14842.68,3277.24,12,52,4.8,3,0,0,0.10116832198743272,-0.994869323391895,-0.8660254037844385,-0.5000000000000004,0.43388373911755823,-0.900968867902419,196.0,10.98,636.0,42.43,737.0,51.16,636.0,236.66666666666666,37.89898855290974,390.85714285714283,156.44107364694702,454.92857142857144,132.2639925915733,579.0,196.0,0,0,0,0,0.0,25.9,32,606.7209302325581,110.13462013143287,1,0,717,239.0,37.79637377963738,2024-33,260.8095238095238,1,1,0,506.33557046979865,-235.33557046979865,-46.47818249297492,502.8914728682171,-231.89147286821708,-0.5976510067114127
2024-08-16,2024,8,16,Friday,33,Breakfast,Paratha-Curry,3.7,Rainy,24.7,False,True,False,False,False,True,800,186,20.82,71.61,58.0,13.61,19.01,119.86,8583.05,1631.41,11,54,3.78,4,0,1,-0.10116832198743204,-0.9948693233918952,-0.8660254037844385,-0.5000000000000004,-0.433883739117558,-0.9009688679024191,260.0,15.0,453.0,38.85,409.0,29.73,453.0,207.66666666666666,45.544849690535045,280.7142857142857,112.60804335646458,347.85714285714283,116.28999371125022,479.0,177.0,0,0,0,0,0.0,24.7,32,367.85714285714283,69.70270367033623,0,0,616,205.33333333333334,30.1948051948052,2024-33,260.8095238095238,1,1,0,400.19463087248323,-214.19463087248323,-53.52261483506348,432.13492063492066,-246.13492063492066,-1.797651006711412
2024-08-16,2024,8,16,Friday,33,Dinner,Noodles,4.2,Rainy,24.7,False,True,False,False,False,True,800,199,24.45,76.61,60.43,16.18,21.12,124.41,9532.05,2013.15,8,73,4.11,4,0,1,-0.10116832198743204,-0.9948693233918952,-0.8660254037844385,-0.5000000000000004,-0.433883739117558,-0.9009688679024191,186.0,13.79,450.0,27.09,487.0,27.03,450.0,203.33333333333334,19.85782801147034,269.2857142857143,87.80036880278328,355.7857142857143,122.81203810415643,421.0,186.0,0,0,0,0,0.0,24.7,32,427.35714285714283,84.50424189917749,0,0,616,205.33333333333334,32.3051948051948,2024-33,260.8095238095238,1,1,0,410.0973154362416,-211.09731543624162,-51.47493228812935,432.13492063492066,-233.13492063492066,-1.797651006711412
2024-08-16,2024,8,16,Friday,33,Lunch,Chole-Bhature,4.5,Rainy,24.7,False,True,False,False,False,True,800,231,29.17,88.94,74.51,14.43,16.22,134.53,11964.06,1940.71,11,66,4.48,4,0,1,-0.10116832198743204,-0.9948693233918952,-0.8660254037844385,-0.5000000000000004,-0.433883739117558,-0.9009688679024191,271.0,23.04,579.0,36.93,529.0,34.67,579.0,232.66666666666666,37.52776749732905,341.14285714285717,141.24379463824056,433.64285714285717,142.97208288164686,572.0,196.0,0,0,0,0,0.0,24.7,32,501.1904761904762,97.64825828507733,1,0,616,205.33333333333334,37.5,2024-33,260.8095238095238,1,1,0,506.33557046979865,-275.33557046979865,-54.37808175600445,432.13492063492066,-201.13492063492066,-1.797651006711412
2024-08-17,2024,8,17,Saturday,33,Breakfast,Bread-Omelette,3.9,Cloudy,25.8,False,True,True,False,False,True,800,134,16.63,51.59,40.66,10.93,21.19,133.51,6887.98,1459.87,11,50,3.84,5,0,0,-0.2993631229733582,-0.9541392564000488,-0.8660254037844385,-0.5000000000000004,-0.9749279121818236,-0.2225209339563146,186.0,13.61,344.0,22.86,304.0,23.66,344.0,193.33333333333334,63.3192966901357,250.71428571428572,120.62574944252736,335.7142857142857,129.36259628919515,479.0,134.0,0,1,0,0,3.9,0.0,32,320.9761904761905,53.05978592771122,0,0,444,148.0,30.180180180180184,2024-33,260.8095238095238,2,1,0,400.19463087248323,-266.19463087248323,-66.51629240805649,361.4761904761905,-227.47619047619048,-0.6976510067114106
2024-08-17,2024,8,17,Saturday,33,Dinner,Roti-Paneer,4.0,Cloudy,25.8,False,True,True,False,False,True,800,147,18.15,56.59,43.93,12.67,22.38,93.96,5317.61,1190.31,10,45,4.25,5,0,0,-0.2993631229733582,-0.9541392564000488,-0.8660254037844385,-0.5000000000000004,-0.9749279121818236,-0.2225209339563146,199.0,16.18,357.0,20.6,433.0,28.98,357.0,177.33333333333334,27.061657993055857,239.28571428571428,88.70684732254189,335.35714285714283,132.39312504975348,421.0,147.0,0,1,0,0,4.0,0.0,65,468.32941176470587,145.08555671570826,0,0,444,148.0,33.108108108108105,2024-33,260.8095238095238,2,1,0,410.0973154362416,-263.0973154362416,-64.15484947917093,361.4761904761905,-214.47619047619048,-0.6976510067114106
2024-08-17,2024,8,17,Saturday,33,Lunch,Fried Rice,4.2,Cloudy,25.8,False,True,True,False,False,True,800,163,21.32,62.76,50.97,11.79,18.78,110.06,6906.73,1297.39,11,75,4.16,5,0,0,-0.2993631229733582,-0.9541392564000488,-0.8660254037844385,-0.5000000000000004,-0.9749279121818236,-0.2225209339563146,231.0,14.43,431.0,33.1,500.0,34.61,431.0,221.66666666666666,54.601587278517776,302.85714285714283,148.94006464730296,409.57142857142856,158.46995069957356,572.0,163.0,0,1,0,0,4.2,0.0,32,414.14285714285717,69.65159687857265,0,0,444,148.0,36.711711711711715,2024-33,260.8095238095238,2,1,0,506.33557046979865,-343.33557046979865,-67.80791050315466,361.4761904761905,-198.47619047619048,-0.6976510067114106
2024-08-18,2024,8,18,Sunday,33,Breakfast,Puri-Bhaji,4.3,Cloudy,27.2,False,False,True,False,False,True,800,297,40.6,114.34,93.88,20.47,17.9,81.25,9291.0,1663.06,8,85,4.39,6,0,0,-0.4853019625310808,-0.8743466161445822,-0.8660254037844385,-0.5000000000000004,-0.7818314824680299,0.6234898018587334,134.0,10.93,336.0,22.07,328.0,25.42,336.0,205.66666666666666,83.26063495634315,245.14285714285714,116.87233572211527,333.5,129.7694701561787,479.0,134.0,0,0,0,0,4.3,0.0,32,316.2857142857143,54.82089939478339,1,0,976,325.3333333333333,30.43032786885246,2024-33,260.8095238095238,1,1,0,400.19463087248323,-103.19463087248323,-25.78611078502071,334.6984126984127,-37.69841269841271,0.702348993288588
2024-08-18,2024,8,18,Sunday,33,Dinner,Khichdi,3.0,Cloudy,27.2,False,False,True,False,False,True,800,254,33.75,97.79,80.04,17.75,18.15,101.43,9918.65,1800.38,8,47,3.28,6,0,0,-0.4853019625310808,-0.8743466161445822,-0.8660254037844385,-0.5000000000000004,-0.7818314824680299,0.6234898018587334,147.0,12.67,269.0,20.88,289.0,21.21,269.0,200.0,53.50700888668512,237.14285714285714,88.04814700194538,332.85714285714283,133.66022199987194,421.0,147.0,0,0,0,0,3.0,0.0,32,265.14285714285717,46.54165269454953,0,1,976,325.3333333333333,26.024590163934423,2024-33,260.8095238095238,1,1,0,410.0973154362416,-156.09731543624162,-38.063481412989226,334.6984126984127,-80.69841269841271,0.702348993288588
2024-08-18,2024,8,18,Sunday,33,Lunch,Rice-Chicken,4.7,Cloudy,27.2,False,False,True,False,False,True,800,425,52.7,163.62,129.8,33.82,20.67,141.39,23134.77,4782.03,10,53,4.39,6,0,0,-0.4853019625310808,-0.8743466161445822,-0.8660254037844385,-0.5000000000000004,-0.7818314824680299,0.6234898018587334,163.0,11.79,444.0,23.83,450.0,29.06,444.0,273.0,135.95587519485954,300.14285714285717,146.0849394147441,407.7857142857143,158.11980782423697,572.0,163.0,0,0,0,0,4.7,0.0,32,422.6666666666667,73.28350117670038,1,0,976,325.3333333333333,43.545081967213115,2024-33,260.8095238095238,1,1,0,506.33557046979865,-81.33557046979865,-16.063570330311226,334.6984126984127,90.30158730158729,0.702348993288588
2024-08-19,2024,8,19,Monday,34,Breakfast,Idli-Sambar,3.9,Rainy,27.6,False,False,False,False,False,True,800,437,62.37,168.25,141.14,27.11,16.11,121.75,20483.14,3299.96,10,72,4.18,0,1,0,-0.651372482722222,-0.7587581226927911,-0.8660254037844385,-0.5000000000000004,0.0,1.0,297.0,20.47,479.0,36.46,499.0,31.6,479.0,289.3333333333333,151.64541975718697,239.14285714285714,103.13652532998587,329.07142857142856,124.64377813822637,437.0,134.0,0,0,0,0,0.0,27.6,33,457.4418604651163,63.9487526687177,0,0,1450,483.3333333333333,30.137931034482758,2024-34,455.7142857142857,0,0,1,400.19463087248323,36.80536912751677,9.196867296114304,459.8062015503876,-22.806201550387584,1.1023489932885902
2024-08-19,2024,8,19,Monday,34,Dinner,Roti-Dal,3.3,Rainy,27.6,False,False,False,False,False,True,800,489,59.4,188.26,148.3,39.97,21.23,143.48,27012.75,5734.36,11,46,3.46,0,1,0,-0.651372482722222,-0.7587581226927911,-0.8660254037844385,-0.5000000000000004,0.0,1.0,254.0,17.75,421.0,26.81,383.0,26.92,421.0,296.6666666666667,174.94665853720434,246.85714285714286,112.16272192879497,340.42857142857144,139.58990170976105,489.0,147.0,0,0,0,0,0.0,27.6,33,427.6744186046512,62.5028460038621,0,0,1450,483.3333333333333,33.724137931034484,2024-34,455.7142857142857,0,0,1,410.0973154362416,78.90268456375838,19.239990508064054,459.8062015503876,29.193798449612416,1.1023489932885902
2024-08-19,2024,8,19,Monday,34,Lunch,Rice-Dal-Sabzi,3.4,Rainy,27.6,False,False,False,False,False,True,800,524,68.72,201.74,174.15,27.59,13.68,103.99,20979.2,2869.44,11,67,3.77,0,1,0,-0.651372482722222,-0.7587581226927911,-0.8660254037844385,-0.5000000000000004,0.0,1.0,425.0,33.82,572.0,34.73,467.0,40.53,572.0,370.6666666666667,186.5323921825201,293.2857142857143,131.60637558734766,411.85714285714283,160.4780632709929,524.0,163.0,0,0,0,0,0.0,27.6,33,494.30232558139534,69.65374733833367,0,0,1450,483.3333333333333,36.137931034482754,2024-34,455.7142857142857,0,0,1,506.33557046979865,17.664429530201346,3.4886803456868676,459.8062015503876,64.19379844961242,1.1023489932885902
2024-08-20,2024,8,20,Tuesday,34,Breakfast,Poha,3.7,Cloudy,28.7,False,False,False,False,False,True,800,451,56.78,173.64,136.24,37.39,21.53,131.39,22813.1,4912.68,12,77,3.72,1,0,0,-0.7907757369376986,-0.6121059825476627,-0.8660254037844385,-0.5000000000000004,0.7818314824680298,0.6234898018587336,437.0,27.11,183.0,13.53,405.0,29.16,183.0,395.0,85.15867542417567,277.42857142857144,126.02494084222256,332.35714285714283,127.37564502311623,451.0,134.0,0,0,0,0,0.0,0.0,33,435.7906976744186,71.04142257113264,0,0,1578,526.0,28.58048162230672,2024-34,455.7142857142857,0,0,1,400.19463087248323,50.80536912751677,12.695165104227806,506.13953488372096,-55.139534883720955,2.202348993288588
2024-08-20,2024,8,20,Tuesday,34,Dinner,Rice-Rajma,3.8,Cloudy,28.7,False,False,False,False,False,True,800,570,62.01,219.45,174.68,44.77,20.4,117.43,25770.31,5257.64,8,83,4.16,1,0,0,-0.7907757369376986,-0.6121059825476627,-0.8660254037844385,-0.5000000000000004,0.7818314824680298,0.6234898018587336,489.0,39.97,228.0,17.55,538.0,30.75,228.0,437.6666666666667,164.13510694952876,295.7142857142857,164.74193382956497,342.7142857142857,143.2869249343531,570.0,147.0,0,0,0,0,0.0,0.0,33,498.04651162790697,86.12475820364762,0,0,1578,526.0,36.12167300380228,2024-34,455.7142857142857,0,0,1,410.0973154362416,159.90268456375838,38.99139997872497,506.13953488372096,63.860465116279045,2.202348993288588
2024-08-20,2024,8,20,Tuesday,34,Lunch,Roti-Paneer,4.0,Cloudy,28.7,False,False,False,False,False,True,800,557,72.93,214.44,172.85,41.59,19.39,125.54,26920.96,5221.22,8,69,4.24,1,0,0,-0.7907757369376986,-0.6121059825476627,-0.8660254037844385,-0.5000000000000004,0.7818314824680298,0.6234898018587336,524.0,27.59,243.0,15.2,552.0,46.57,243.0,502.0,68.69497798238282,338.14285714285717,161.68532047512167,412.2142857142857,160.81914283845907,557.0,163.0,0,0,0,0,0.0,0.0,66,468.32941176470587,145.08555671570826,0,0,1578,526.0,35.297845373891,2024-34,455.7142857142857,0,0,1,506.33557046979865,50.664429530201346,10.006097237686232,506.13953488372096,50.860465116279045,2.202348993288588
2024-08-21,2024,8,21,Wednesday,34,Breakfast,Upma,3.5,Cloudy,19.7,False,False,False,False,False,True,800,350,53.2,134.75,112.13,22.62,16.79,81.38,10966.21,1840.76,8,71,3.7,2,0,0,-0.8978045395707417,-0.44039415155763423,-0.8660254037844385,-0.5000000000000004,0.9749279121818236,-0.22252093395631434,451.0,37.39,177.0,10.9,411.0,30.16,177.0,412.6666666666667,54.720501947016494,302.14285714285717,119.86023606883222,328.0,125.50819770958255,451.0,134.0,0,0,0,0,0.0,0.0,33,402.1162790697674,78.48482088680939,0,1,1384,461.3333333333333,25.289017341040466,2024-34,455.7142857142857,0,0,1,400.19463087248323,-50.19463087248323,-12.542554797162456,470.6046511627907,-120.60465116279067,-6.797651006711412
2024-08-21,2024,8,21,Wednesday,34,Dinner,Paratha-Paneer,4.1,Cloudy,19.7,False,False,False,False,False,True,800,489,63.84,188.26,156.27,32.0,17.0,101.08,19029.48,3234.47,8,87,4.15,2,0,0,-0.8978045395707417,-0.44039415155763423,-0.8660254037844385,-0.5000000000000004,0.9749279121818236,-0.22252093395631434,570.0,44.77,225.0,12.82,531.0,45.52,225.0,516.0,46.765371804359084,333.42857142857144,175.7089042923524,339.7142857142857,139.4292920175942,570.0,147.0,0,0,0,0,0.0,0.0,33,493.16279069767444,94.51730258140397,0,0,1384,461.3333333333333,35.332369942196536,2024-34,455.7142857142857,0,0,1,410.0973154362416,78.90268456375838,19.239990508064054,470.6046511627907,18.395348837209326,-6.797651006711412
2024-08-21,2024,8,21,Wednesday,34,Lunch,Rice-Sambar,3.6,Cloudy,19.7,False,False,False,False,False,True,800,545,65.89,209.83,164.5,45.33,21.6,97.69,20498.16,4428.36,9,58,3.88,2,0,0,-0.8978045395707417,-0.44039415155763423,-0.8660254037844385,-0.5000000000000004,0.9749279121818236,-0.22252093395631434,557.0,41.59,196.0,10.98,499.0,40.3,196.0,542.0,16.703293088491098,388.0,164.33603784116647,415.5,163.18123478088827,557.0,163.0,0,0,0,0,0.0,0.0,33,516.5348837209302,108.15494811506254,0,0,1384,461.3333333333333,39.37861271676301,2024-34,455.7142857142857,0,0,1,506.33557046979865,38.664429530201346,7.636127458777373,470.6046511627907,74.39534883720933,-6.797651006711412
2024-08-22,2024,8,22,Thursday,34,Breakfast,Dosa,4.6,Cloudy,20.9,False,False,False,False,False,True,800,533,63.2,205.2,171.64,33.57,16.36,109.32,22432.56,3669.3,8,77,4.59,3,0,0,-0.9680771188662041,-0.2506525322587213,-0.8660254037844385,-0.5000000000000004,0.43388373911755823,-0.900968867902419,350.0,22.62,260.0,15.0,505.0,37.17,260.0,444.6666666666667,91.66424239218604,341.14285714285717,145.52826595021398,330.0,128.72749990102815,533.0,134.0,0,0,0,0,0.0,0.0,33,496.3488372093023,101.6197121205963,1,0,1577,525.6666666666666,33.79835129993659,2024-34,455.7142857142857,0,0,1,400.19463087248323,132.80536912751677,33.18519512317832,502.8914728682171,30.10852713178292,-5.597651006711413
2024-08-22,2024,8,22,Thursday,34,Dinner,Rice-Curd-Pickle,3.2,Cloudy,20.9,False,False,False,False,False,True,800,398,52.17,153.23,121.19,32.04,20.91,98.41,15079.3,3153.29,12,57,3.45,3,0,0,-0.9680771188662041,-0.2506525322587213,-0.8660254037844385,-0.5000000000000004,0.43388373911755823,-0.900968867902419,489.0,32.0,186.0,13.79,472.0,35.61,186.0,485.6666666666667,86.04843597261522,363.7142857142857,163.93872258226477,334.42857142857144,135.3722584270812,570.0,147.0,0,0,0,0,0.0,0.0,33,405.6046511627907,82.89641830819832,0,1,1577,525.6666666666666,25.237793278376664,2024-34,455.7142857142857,0,0,1,410.0973154362416,-12.097315436241615,-2.9498645762587055,502.8914728682171,-104.89147286821708,-5.597651006711413
2024-08-22,2024,8,22,Thursday,34,Lunch,Biryani,4.8,Cloudy,20.9,False,False,False,False,False,True,800,646,79.25,248.71,194.85,53.86,21.66,87.98,21881.72,4738.92,8,76,4.5,3,0,0,-0.9680771188662041,-0.2506525322587213,-0.8660254037844385,-0.5000000000000004,0.43388373911755823,-0.900968867902419,545.0,45.33,271.0,23.04,636.0,42.43,271.0,582.6666666666666,55.175477644813746,441.57142857142856,180.19605724770742,416.2142857142857,164.23912143880037,646.0,163.0,0,0,0,0,0.0,0.0,33,606.7209302325581,110.13462013143287,1,0,1577,525.6666666666666,40.963855421686745,2024-34,455.7142857142857,0,0,1,506.33557046979865,139.66442953020135,27.583373097926938,502.8914728682171,143.10852713178292,-5.597651006711413
2024-08-23,2024,8,23,Friday,34,Breakfast,Paratha-Curry,3.7,Rainy,20.2,False,False,False,False,False,True,800,445,52.05,171.33,134.89,36.44,21.27,118.37,20279.69,4313.35,9,89,4.06,4,0,1,-0.9987165071710528,-0.05064916883871355,-0.8660254037844385,-0.5000000000000004,-0.433883739117558,-0.9009688679024191,533.0,33.57,186.0,13.61,453.0,38.85,186.0,442.6666666666667,91.52231057689396,378.14285714285717,131.7857207381598,329.42857142857144,128.15598325461053,533.0,134.0,0,0,0,0,0.0,20.2,33,367.85714285714283,69.70270367033623,0,0,1543,514.3333333333334,28.839922229423205,2024-34,455.7142857142857,0,0,1,400.19463087248323,44.80536912751677,11.195894615036305,432.13492063492066,12.865079365079339,-6.297651006711412
2024-08-23,2024,8,23,Friday,34,Dinner,Noodles,4.2,Rainy,20.2,False,False,False,False,False,True,800,485,61.13,186.73,155.64,31.08,16.65,90.44,16887.43,2810.96,8,77,4.02,4,0,1,-0.9987165071710528,-0.05064916883871355,-0.8660254037844385,-0.5000000000000004,-0.433883739117558,-0.9009688679024191,398.0,32.04,199.0,16.18,450.0,27.09,199.0,457.3333333333333,51.423081717583294,404.57142857142856,151.18956880117665,336.92857142857144,137.96904016465484,570.0,147.0,0,0,0,0,0.0,20.2,33,427.35714285714283,84.50424189917749,0,0,1543,514.3333333333334,31.432274789371355,2024-34,455.7142857142857,0,0,1,410.0973154362416,74.90268456375838,18.264612262599318,432.13492063492066,52.86507936507934,-6.297651006711412
2024-08-23,2024,8,23,Friday,34,Lunch,Chole-Bhature,4.5,Rainy,20.2,False,False,False,False,False,True,800,613,72.93,236.0,189.46,46.54,19.72,80.19,18925.63,3732.47,8,52,4.58,4,0,1,-0.9987165071710528,-0.05064916883871355,-0.8660254037844385,-0.5000000000000004,-0.433883739117558,-0.9009688679024191,646.0,53.86,231.0,14.43,579.0,36.93,231.0,601.3333333333334,51.500809055133615,496.14285714285717,162.80093014827307,418.64285714285717,167.05853748029446,646.0,163.0,0,0,0,0,0.0,20.2,33,501.1904761904762,97.64825828507733,1,0,1543,514.3333333333334,39.72780298120544,2024-34,455.7142857142857,0,0,1,506.33557046979865,106.66442953020135,21.065956205927577,432.13492063492066,180.86507936507934,-6.297651006711412
2024-08-24,2024,8,24,Saturday,34,Breakfast,Bread-Omelette,3.9,Cloudy,29.5,False,False,True,False,False,True,800,303,41.58,116.66,99.74,16.92,14.5,125.1,14593.96,2116.42,11,63,3.9,5,0,0,-0.9884683243281114,0.15142777750457667,-0.8660254037844385,-0.5000000000000004,-0.9749279121818236,-0.2225209339563146,445.0,36.44,134.0,10.93,344.0,22.86,134.0,427.0,116.0517126112325,402.2857142857143,87.71680623026671,326.5,128.26579974652384,533.0,297.0,0,0,0,0,3.9,0.0,33,320.9761904761905,53.05978592771122,0,0,1019,339.6666666666667,29.735034347399413,2024-34,455.7142857142857,1,1,0,400.19463087248323,-97.19463087248323,-24.28684029582921,361.4761904761905,-58.47619047619048,3.0023489932885887
2024-08-24,2024,8,24,Saturday,34,Dinner,Roti-Paneer,4.0,Cloudy,29.5,False,False,True,False,False,True,800,342,45.38,131.67,109.85,21.82,16.57,109.82,14459.96,2396.72,8,51,4.23,5,0,0,-0.9884683243281114,0.15142777750457667,-0.8660254037844385,-0.5000000000000004,-0.9749279121818236,-0.2225209339563146,485.0,31.08,147.0,12.67,357.0,20.6,147.0,408.3333333333333,72.05784713223973,432.42857142857144,107.46295042611538,335.85714285714283,137.85938049769732,570.0,254.0,0,0,0,0,4.0,0.0,67,468.32941176470587,145.08555671570826,0,0,1019,339.6666666666667,33.56231599607458,2024-34,455.7142857142857,1,1,0,410.0973154362416,-68.09731543624162,-16.60516001276502,361.4761904761905,-19.47619047619048,3.0023489932885887
2024-08-24,2024,8,24,Saturday,34,Lunch,Fried Rice,4.2,Cloudy,29.5,False,False,True,False,False,True,800,374,53.3,143.99,111.92,32.07,22.27,136.92,19715.47,4391.03,8,63,4.15,5,0,0,-0.9884683243281114,0.15142777750457667,-0.8660254037844385,-0.5000000000000004,-0.9749279121818236,-0.2225209339563146,613.0,46.54,163.0,11.79,431.0,33.1,163.0,544.3333333333334,148.43292536810475,526.2857142857143,97.12485827654083,414.57142857142856,167.42838390268162,646.0,374.0,0,0,0,0,4.2,0.0,33,414.14285714285717,69.65159687857265,0,0,1019,339.6666666666667,36.702649656526006,2024-34,455.7142857142857,1,1,0,506.33557046979865,-132.33557046979865,-26.135941890673877,361.4761904761905,12.523809523809518,3.0023489932885887
2024-08-25,2024,8,25,Sunday,34,Breakfast,Puri-Bhaji,4.3,Sunny,23.9,False,False,True,False,False,True,800,330,40.6,127.05,98.29,28.76,22.64,89.69,11394.81,2579.71,9,66,4.22,6,0,0,-0.9377521321470804,0.3473052528448203,-0.8660254037844385,-0.5000000000000004,-0.7818314824680299,0.6234898018587334,303.0,16.92,297.0,20.47,336.0,22.07,297.0,359.3333333333333,75.40778032360743,407.0,81.80260794538724,326.07142857142856,128.24163747557793,533.0,303.0,0,0,0,0,4.3,0.0,33,316.2857142857143,54.82089939478339,1,0,1019,339.6666666666667,32.3846908734053,2024-34,455.7142857142857,1,1,0,400.19463087248323,-70.19463087248323,-17.540123094467457,334.6984126984127,-4.69841269841271,-2.5976510067114127
2024-08-25,2024,8,25,Sunday,34,Dinner,Khichdi,3.0,Sunny,23.9,False,False,True,False,False,True,800,277,33.75,106.64,84.18,22.46,21.06,108.05,11523.46,2427.4,11,62,3.53,6,0,0,-0.9377521321470804,0.3473052528448203,-0.8660254037844385,-0.5000000000000004,-0.7818314824680299,0.6234898018587334,342.0,21.82,254.0,17.75,269.0,20.88,254.0,368.0,106.40958603434127,435.7142857142857,101.27144099846106,336.42857142857144,137.57723105766667,570.0,277.0,0,0,0,0,3.0,0.0,33,265.14285714285717,46.54165269454953,0,1,1019,339.6666666666667,27.18351324828263,2024-34,455.7142857142857,1,1,0,410.0973154362416,-133.09731543624162,-32.455056501566986,334.6984126984127,-57.69841269841271,-2.5976510067114127
2024-08-25,2024,8,25,Sunday,34,Lunch,Rice-Chicken,4.7,Sunny,23.9,False,False,True,False,False,True,800,412,52.7,158.62,128.88,29.74,18.75,123.53,19593.77,3673.45,8,68,4.71,6,0,0,-0.9377521321470804,0.3473052528448203,-0.8660254037844385,-0.5000000000000004,-0.7818314824680299,0.6234898018587334,374.0,32.07,425.0,33.82,444.0,23.83,425.0,466.3333333333333,128.4302664224185,524.4285714285714,99.48007697165178,412.2857142857143,167.21401697383945,646.0,374.0,0,0,0,0,4.7,0.0,33,422.6666666666667,73.28350117670038,1,0,1019,339.6666666666667,40.43179587831207,2024-34,455.7142857142857,1,1,0,506.33557046979865,-94.33557046979865,-18.63103759079582,334.6984126984127,77.30158730158729,-2.5976510067114127
2024-08-26,2024,8,26,Monday,35,Breakfast,Idli-Sambar,3.9,Cloudy,20.2,False,False,False,False,False,True,800,505,56.7,194.43,158.69,35.73,18.38,109.52,21293.77,3913.71,9,52,3.84,0,1,0,-0.8486442574947509,0.5289640103269624,-0.8660254037844385,-0.5000000000000004,0.0,1.0,330.0,28.76,437.0,27.11,479.0,36.46,437.0,379.3333333333333,109.66464030549426,416.7142857142857,89.62275433860626,327.92857142857144,130.789592790931,533.0,303.0,0,0,0,0,0.0,0.0,34,457.4418604651163,63.9487526687177,0,0,1470,490.0,34.35374149659864,2024-35,463.04761904761904,0,0,1,400.19463087248323,104.80536912751677,26.18859950695131,459.8062015503876,45.193798449612416,-6.297651006711412
2024-08-26,2024,8,26,Monday,35,Dinner,Roti-Dal,3.3,Cloudy,20.2,False,False,False,False,False,True,800,470,54.0,180.95,149.54,31.41,17.36,136.16,24637.89,4276.35,11,56,3.64,0,1,0,-0.8486442574947509,0.5289640103269624,-0.8660254037844385,-0.5000000000000004,0.0,1.0,277.0,22.46,489.0,39.97,421.0,26.81,489.0,363.0,98.19877799646935,433.0,99.84988733093302,339.92857142857144,140.48677150192134,570.0,277.0,0,0,0,0,0.0,0.0,34,427.6744186046512,62.5028460038621,0,0,1470,490.0,31.97278911564626,2024-35,463.04761904761904,0,0,1,410.0973154362416,59.902684563758385,14.606943842106554,459.8062015503876,10.193798449612416,-6.297651006711412
2024-08-26,2024,8,26,Monday,35,Lunch,Rice-Dal-Sabzi,3.4,Cloudy,20.2,False,False,False,False,False,True,800,495,62.47,190.58,159.85,30.73,16.12,148.71,28340.38,4569.47,9,51,3.62,0,1,0,-0.8486442574947509,0.5289640103269624,-0.8660254037844385,-0.5000000000000004,0.0,1.0,412.0,29.74,524.0,27.59,572.0,34.73,524.0,427.0,61.87891401762056,520.2857142857143,100.10280429923768,406.7857142857143,162.76371669548305,646.0,374.0,0,0,0,0,0.0,0.0,34,494.30232558139534,69.65374733833367,0,0,1470,490.0,33.6734693877551,2024-35,463.04761904761904,0,0,1,506.33557046979865,-11.335570469798654,-2.2387466200095427,459.8062015503876,35.193798449612416,-6.297651006711412
2024-08-27,2024,8,27,Tuesday,35,Breakfast,Poha,3.7,Cloudy,25.0,False,False,False,False,False,True,800,470,56.78,180.95,149.88,31.07,17.17,140.38,25401.82,4361.36,9,75,4.05,1,0,0,-0.72479278722912,0.6889669190756865,-0.8660254037844385,-0.5000000000000004,0.7818314824680298,0.6234898018587336,505.0,35.73,451.0,37.39,183.0,13.53,451.0,435.0,92.60129588726123,419.42857142857144,91.10956251103642,348.42857142857144,128.8031976942487,533.0,303.0,0,0,0,0,0.0,0.0,34,435.7906976744186,71.04142257113264,0,0,1592,530.6666666666666,29.52261306532663,2024-35,463.04761904761904,0,0,1,400.19463087248323,69.80536912751677,17.44285498666756,506.13953488372096,-36.139534883720955,-1.4976510067114113
2024-08-27,2024,8,27,Tuesday,35,Dinner,Rice-Rajma,3.8,Cloudy,25.0,False,False,False,False,False,True,800,513,62.01,197.5,158.26,39.25,19.87,129.32,25541.3,5075.2,12,81,4.04,1,0,0,-0.72479278722912,0.6889669190756865,-0.8660254037844385,-0.5000000000000004,0.7818314824680298,0.6234898018587336,470.0,31.41,570.0,44.77,228.0,17.55,570.0,420.0,125.69407305040242,424.85714285714283,88.49374473454537,360.2857142857143,143.6338446142878,513.0,277.0,0,0,0,0,0.0,0.0,34,498.04651162790697,86.12475820364762,0,0,1592,530.6666666666666,32.22361809045226,2024-35,463.04761904761904,0,0,1,410.0973154362416,102.90268456375838,25.09225998085247,506.13953488372096,6.860465116279045,-1.4976510067114113
2024-08-27,2024,8,27,Tuesday,35,Lunch,Roti-Paneer,4.0,Cloudy,25.0,False,False,False,False,False,True,800,609,72.93,234.47,183.58,50.88,21.7,108.79,25507.42,5535.26,8,49,3.97,1,0,0,-0.72479278722912,0.6889669190756865,-0.8660254037844385,-0.5000000000000004,0.7818314824680298,0.6234898018587336,495.0,30.73,557.0,41.59,243.0,15.2,557.0,505.3333333333333,98.90567897412856,527.7142857142857,105.0868121851555,432.92857142857144,163.82282375303384,646.0,374.0,0,0,0,0,0.0,0.0,68,468.32941176470587,145.08555671570826,0,0,1592,530.6666666666666,38.253768844221106,2024-35,463.04761904761904,0,0,1,506.33557046979865,102.66442953020135,20.275966279624626,506.13953488372096,102.86046511627904,-1.4976510067114113
2024-08-28,2024,8,28,Wednesday,35,Breakfast,Upma,3.5,Rainy,25.9,False,False,False,False,False,True,800,517,58.52,199.05,171.1,27.94,14.04,141.12,28089.24,3943.32,12,78,3.81,2,0,0,-0.5712682150947924,0.8207634412072763,-0.8660254037844385,-0.5000000000000004,0.9749279121818236,-0.22252093395631434,470.0,31.07,350.0,22.62,177.0,10.9,350.0,497.3333333333333,24.419937209858613,443.2857142857143,91.7618553389053,372.7142857142857,126.01735446506412,533.0,303.0,0,0,0,0,0.0,25.9,34,402.1162790697674,78.48482088680939,0,1,1697,565.6666666666666,30.465527401296406,2024-35,463.04761904761904,0,0,1,400.19463087248323,116.80536912751677,29.18714048533431,470.6046511627907,46.395348837209326,-0.5976510067114127
2024-08-28,2024,8,28,Wednesday,35,Dinner,Paratha-Paneer,4.1,Rainy,25.9,False,False,False,False,False,True,800,592,70.22,227.92,190.13,37.79,16.58,106.94,24374.08,4041.01,12,84,3.94,2,0,0,-0.5712682150947924,0.8207634412072763,-0.8660254037844385,-0.5000000000000004,0.9749279121818236,-0.22252093395631434,513.0,39.25,489.0,32.0,225.0,12.82,489.0,525.0,61.87891401761952,439.57142857142856,107.4660522255861,386.5,150.37581127091093,592.0,277.0,0,0,0,0,0.0,25.9,34,493.16279069767444,94.51730258140397,0,0,1697,565.6666666666666,34.885091337654686,2024-35,463.04761904761904,0,0,1,410.0973154362416,181.90268456375838,44.35598032878102,470.6046511627907,121.39534883720933,-0.5976510067114127
2024-08-28,2024,8,28,Wednesday,35,Lunch,Rice-Sambar,3.6,Rainy,25.9,False,False,False,False,False,True,800,588,72.48,226.38,187.65,38.73,17.11,110.3,24969.57,4271.52,9,75,3.73,2,0,0,-0.5712682150947924,0.8207634412072763,-0.8660254037844385,-0.5000000000000004,0.9749279121818236,-0.22252093395631434,609.0,50.88,545.0,45.33,196.0,10.98,545.0,564.0,60.671245248470186,533.8571428571429,107.4948503749966,460.92857142857144,153.37960163529638,646.0,374.0,0,0,0,0,0.0,25.9,34,516.5348837209302,108.15494811506254,0,0,1697,565.6666666666666,34.64938126104891,2024-35,463.04761904761904,0,0,1,506.33557046979865,81.66442953020135,16.12851916653412,470.6046511627907,117.39534883720933,-0.5976510067114127
2024-08-29,2024,8,29,Thursday,35,Breakfast,Dosa,4.6,Cloudy,23.7,False,False,False,False,False,True,800,563,63.2,216.75,170.58,46.17,21.3,139.42,30219.81,6437.02,11,55,4.3,3,0,0,-0.3943558551133187,0.9189578116202306,-0.8660254037844385,-0.5000000000000004,0.43388373911755823,-0.900968867902419,517.0,27.94,533.0,33.57,260.0,15.0,533.0,516.6666666666666,46.50089604871543,447.57142857142856,97.19028954042926,394.35714285714283,131.08752633427622,563.0,303.0,0,0,0,0,0.0,0.0,34,496.3488372093023,101.6197121205963,1,0,1639,546.3333333333334,34.350213544844415,2024-35,463.04761904761904,0,0,1,400.19463087248323,162.80536912751677,40.681547569135816,502.8914728682171,60.10852713178292,-2.797651006711412
2024-08-29,2024,8,29,Thursday,35,Dinner,Rice-Curd-Pickle,3.2,Cloudy,23.7,False,False,False,False,False,True,800,477,52.17,183.65,151.1,32.55,17.72,106.5,19559.04,3466.4,9,50,3.5,3,0,0,-0.3943558551133187,0.9189578116202306,-0.8660254037844385,-0.5000000000000004,0.43388373911755823,-0.900968867902419,592.0,37.79,398.0,32.04,186.0,13.79,398.0,527.3333333333334,58.82459802950872,450.85714285714283,106.51671006846551,407.2857142857143,140.3043003734977,592.0,277.0,0,0,0,0,0.0,0.0,34,405.6046511627907,82.89641830819832,0,1,1639,546.3333333333334,29.103111653447222,2024-35,463.04761904761904,0,0,1,410.0973154362416,66.90268456375838,16.313855771669843,502.8914728682171,-25.89147286821708,-2.797651006711412
2024-08-29,2024,8,29,Thursday,35,Lunch,Biryani,4.8,Cloudy,23.7,False,False,False,False,False,True,800,599,79.25,230.61,188.51,42.11,18.26,96.86,22337.93,4078.4,10,48,4.64,3,0,0,-0.3943558551133187,0.9189578116202306,-0.8660254037844385,-0.5000000000000004,0.43388373911755823,-0.900968867902419,588.0,38.73,646.0,53.86,271.0,23.04,646.0,598.6666666666666,10.503967504392612,527.1428571428571,100.56743769137988,484.35714285714283,147.05708318297948,613.0,374.0,0,0,0,0,0.0,0.0,34,606.7209302325581,110.13462013143287,1,0,1639,546.3333333333334,36.546674801708356,2024-35,463.04761904761904,0,0,1,506.33557046979865,92.66442953020135,18.300991463867238,502.8914728682171,96.10852713178292,-2.797651006711412
2024-08-30,2024,8,30,Friday,35,Breakfast,Paratha-Curry,3.7,Sunny,23.9,False,False,False,False,False,True,800,334,47.32,128.59,104.6,23.99,18.65,139.96,17997.62,3357.21,11,65,3.69,4,0,1,-0.20129852008866114,0.9795299412524943,-0.8660254037844385,-0.5000000000000004,-0.433883739117558,-0.9009688679024191,563.0,46.17,445.0,36.44,186.0,13.61,445.0,471.3333333333333,121.13766273679478,431.7142857142857,106.30728147797862,404.92857142857144,118.34009937835579,563.0,303.0,0,0,0,0,0.0,0.0,34,367.85714285714283,69.70270367033623,0,0,1288,429.3333333333333,25.931677018633543,2024-35,463.04761904761904,0,0,1,400.19463087248323,-66.19463087248323,-16.54060943500646,432.13492063492066,-98.13492063492066,-2.5976510067114127
2024-08-30,2024,8,30,Friday,35,Dinner,Noodles,4.2,Sunny,23.9,False,False,False,False,False,True,800,419,55.58,161.31,132.82,28.49,17.66,80.01,12907.12,2279.71,8,83,4.42,4,0,1,-0.20129852008866114,0.9795299412524943,-0.8660254037844385,-0.5000000000000004,-0.433883739117558,-0.9009688679024191,477.0,32.55,485.0,31.08,199.0,16.18,485.0,496.0,88.0511215147197,441.42857142857144,105.91011463005975,423.0,126.85727898220573,592.0,277.0,0,0,0,0,0.0,0.0,34,427.35714285714283,84.50424189917749,0,0,1288,429.3333333333333,32.53105590062112,2024-35,463.04761904761904,0,0,1,410.0973154362416,8.902684563758385,2.170871212431162,432.13492063492066,-13.134920634920661,-2.5976510067114127
2024-08-30,2024,8,30,Friday,35,Lunch,Chole-Bhature,4.5,Sunny,23.9,False,False,False,False,False,True,800,535,66.3,205.98,168.48,37.5,18.21,125.74,25898.5,4715.0,8,70,4.39,4,0,1,-0.20129852008866114,0.9795299412524943,-0.8660254037844385,-0.5000000000000004,-0.433883739117558,-0.9009688679024191,599.0,42.11,613.0,46.54,231.0,14.43,613.0,574.0,34.21987726453754,516.0,93.54499808470099,506.07142857142856,127.97503619890063,609.0,374.0,0,0,0,0,0.0,0.0,34,501.1904761904762,97.64825828507733,1,0,1288,429.3333333333333,41.537267080745345,2024-35,463.04761904761904,0,0,1,506.33557046979865,28.664429530201346,5.661152643019989,432.13492063492066,102.86507936507934,-2.5976510067114127
2024-08-31,2024,8,31,Saturday,35,Breakfast,Bread-Omelette,3.9,Cloudy,26.5,False,False,True,False,False,True,800,314,41.58,120.89,103.2,17.69,14.64,119.36,14429.83,2111.86,11,66,3.94,5,0,0,-2.4492935982947064e-16,1.0,-0.8660254037844385,-0.5000000000000004,-0.9749279121818236,-0.2225209339563146,334.0,23.99,303.0,16.92,134.0,10.93,303.0,403.6666666666667,138.34859353579796,433.2857142857143,104.14687431013716,417.7857142857143,93.89370305045745,563.0,314.0,0,0,0,0,3.9,0.0,34,320.9761904761905,53.05978592771122,0,0,1032,344.0,30.426356589147286,2024-35,463.04761904761904,1,1,0,400.19463087248323,-86.19463087248323,-21.53817773231146,361.4761904761905,-47.47619047619048,0.00234899328858873
2024-08-31,2024,8,31,Saturday,35,Dinner,Roti-Paneer,4.0,Cloudy,26.5,False,False,True,False,False,True,800,308,45.38,118.58,98.31,20.27,17.09,113.12,13413.69,2292.82,10,90,4.05,5,0,0,-2.4492935982947064e-16,1.0,-0.8660254037844385,-0.5000000000000004,-0.9749279121818236,-0.2225209339563146,419.0,28.49,342.0,21.82,147.0,12.67,342.0,401.3333333333333,85.87393861546832,436.57142857142856,111.84342797389749,434.5,105.39431454524225,592.0,277.0,0,0,0,0,4.0,0.0,69,468.32941176470587,145.08555671570826,0,0,1032,344.0,29.844961240310074,2024-35,463.04761904761904,1,1,0,410.0973154362416,-102.09731543624162,-24.895875099215278,361.4761904761905,-53.47619047619048,0.00234899328858873
2024-08-31,2024,8,31,Saturday,35,Lunch,Fried Rice,4.2,Cloudy,26.5,False,False,True,False,False,True,800,410,53.3,157.85,122.75,35.1,22.23,95.6,15091.13,3355.34,11,66,4.24,5,0,0,-2.4492935982947064e-16,1.0,-0.8660254037844385,-0.5000000000000004,-0.9749279121818236,-0.2225209339563146,535.0,37.5,374.0,32.07,163.0,11.79,374.0,514.6666666666666,96.12665256490197,521.1428571428571,85.04004658870767,523.7142857142857,87.74212966802985,609.0,410.0,0,0,0,0,4.2,0.0,34,414.14285714285717,69.65159687857265,0,0,1032,344.0,39.72868217054263,2024-35,463.04761904761904,1,1,0,506.33557046979865,-96.33557046979865,-19.026032553947296,361.4761904761905,48.52380952380952,0.00234899328858873
2024-09-01,2024,9,1,Sunday,35,Breakfast,Puri-Bhaji,4.3,Rainy,22.6,False,False,True,False,False,True,800,287,44.66,110.49,92.0,18.49,16.74,80.15,8856.59,1482.34,10,85,4.49,6,0,0,0.20129852008866006,0.9795299412524945,-1.0,-1.8369701987210297e-16,-0.7818314824680299,0.6234898018587334,314.0,17.69,330.0,28.76,297.0,20.47,330.0,311.6666666666667,23.586719427114897,427.14285714285717,112.21026181746005,417.07142857142856,94.9157231732157,563.0,287.0,0,0,1,0,4.3,22.6,34,316.2857142857143,54.82089939478339,1,0,1006,335.3333333333333,28.528827037773357,2024-35,463.04761904761904,1,1,0,400.19463087248323,-113.19463087248323,-28.284894933673215,334.6984126984127,-47.69841269841271,-3.89765100671141
2024-09-01,2024,9,1,Sunday,35,Dinner,Khichdi,3.0,Rainy,22.6,False,False,True,False,False,True,800,315,37.12,121.28,99.14,22.13,18.25,137.53,16678.79,3044.0,11,51,3.26,6,0,0,0.20129852008866006,0.9795299412524945,-1.0,-1.8369701987210297e-16,-0.7818314824680299,0.6234898018587334,308.0,20.27,277.0,22.46,254.0,17.75,277.0,347.3333333333333,62.163762219907504,442.0,103.41179816636019,438.85714285714283,98.38609747227548,592.0,308.0,0,0,1,0,3.0,22.6,34,265.14285714285717,46.54165269454953,0,1,1006,335.3333333333333,31.312127236580515,2024-35,463.04761904761904,1,1,0,410.0973154362416,-95.09731543624162,-23.18896316965199,334.6984126984127,-19.69841269841271,-3.89765100671141
2024-09-01,2024,9,1,Sunday,35,Lunch,Rice-Chicken,4.7,Rainy,22.6,False,False,True,False,False,True,800,404,57.97,155.54,124.32,31.22,20.07,116.54,18126.47,3638.5,8,47,4.74,6,0,0,0.20129852008866006,0.9795299412524945,-1.0,-1.8369701987210297e-16,-0.7818314824680299,0.6234898018587334,410.0,35.1,412.0,29.74,425.0,33.82,412.0,449.6666666666667,73.96170180122556,520.0,86.7870958149888,522.2142857142857,89.71680107763784,609.0,404.0,0,0,1,0,4.7,22.6,34,422.6666666666667,73.28350117670038,1,0,1006,335.3333333333333,40.15904572564612,2024-35,463.04761904761904,1,1,0,506.33557046979865,-102.33557046979865,-20.211017443401726,334.6984126984127,69.30158730158729,-3.89765100671141
2024-09-02,2024,9,2,Monday,36,Breakfast,Idli-Sambar,3.9,Rainy,26.4,False,False,False,False,False,True,800,514,62.37,197.89,155.09,42.8,21.63,139.65,27636.05,5977.56,9,74,4.15,0,1,0,0.39435585511331855,0.9189578116202306,-1.0,-1.8369701987210297e-16,0.0,1.0,287.0,18.49,505.0,35.73,437.0,27.11,505.0,371.6666666666667,124.00134407873746,428.42857142857144,113.29733321789084,422.57142857142856,98.32889416937138,563.0,287.0,0,0,0,0,0.0,26.4,35,457.4418604651163,63.9487526687177,0,0,1493,497.6666666666667,34.42732752846617,2024-36,457.76190476190476,0,0,1,400.19463087248323,113.80536912751677,28.437505240738563,459.8062015503876,54.193798449612416,-0.09765100671141269
2024-09-02,2024,9,2,Monday,36,Dinner,Roti-Dal,3.3,Rainy,26.4,False,False,False,False,False,True,800,473,59.4,182.1,154.58,27.52,15.11,121.22,22074.18,3336.28,11,74,3.66,0,1,0,0.39435585511331855,0.9189578116202306,-1.0,-1.8369701987210297e-16,0.0,1.0,315.0,22.13,470.0,31.41,489.0,39.97,470.0,365.3333333333333,93.3077345847235,442.42857142857144,103.55329890585682,437.7142857142857,97.85030055488454,592.0,308.0,0,0,0,0,0.0,26.4,35,427.6744186046512,62.5028460038621,0,0,1493,497.6666666666667,31.681178834561287,2024-36,457.76190476190476,0,0,1,410.0973154362416,62.902684563758385,15.338477526205107,459.8062015503876,13.193798449612416,-0.09765100671141269
2024-09-02,2024,9,2,Monday,36,Lunch,Rice-Dal-Sabzi,3.4,Rainy,26.4,False,False,False,False,False,True,800,506,68.72,194.81,153.91,40.9,20.99,103.66,20193.1,4239.49,11,47,3.85,0,1,0,0.39435585511331855,0.9189578116202306,-1.0,-1.8369701987210297e-16,0.0,1.0,404.0,31.22,495.0,30.73,524.0,27.59,495.0,440.0,57.23635208501748,521.5714285714286,86.35750718738409,520.9285714285714,89.8181618482712,609.0,404.0,0,0,0,0,0.0,26.4,35,494.30232558139534,69.65374733833367,0,0,1493,497.6666666666667,33.891493636972534,2024-36,457.76190476190476,0,0,1,506.33557046979865,-0.3355704697986539,-0.0662743226764215,459.8062015503876,46.193798449612416,-0.09765100671141269
2024-09-03,2024,9,3,Tuesday,36,Breakfast,Poha,3.7,Sunny,24.0,False,False,False,False,False,True,800,411,56.78,158.24,124.21,34.03,21.5,114.92,18184.05,3910.17,12,48,3.89,1,0,0,0.5712682150947923,0.8207634412072763,-1.0,-1.8369701987210297e-16,0.7818314824680298,0.6234898018587336,514.0,42.8,470.0,31.07,451.0,37.39,470.0,404.0,113.66177897604851,420.0,111.87493016757628,419.7142857142857,98.01995760003214,563.0,287.0,0,0,0,0,0.0,0.0,35,435.7906976744186,71.04142257113264,0,0,1594,531.3333333333334,25.784190715181932,2024-36,457.76190476190476,0,0,1,400.19463087248323,10.80536912751677,2.7000285096178014,506.13953488372096,-95.13953488372096,-2.4976510067114113
2024-09-03,2024,9,3,Tuesday,36,Dinner,Rice-Rajma,3.8,Sunny,24.0,False,False,False,False,False,True,800,530,62.01,204.05,160.9,43.15,21.15,137.07,27968.54,5914.96,8,69,4.01,1,0,0,0.5712682150947923,0.8207634412072763,-1.0,-1.8369701987210297e-16,0.7818314824680298,0.6234898018587336,473.0,27.52,513.0,39.25,570.0,44.77,513.0,439.3333333333333,111.38372113254808,444.85714285714283,105.66208492395086,434.85714285714283,94.2066934930901,592.0,308.0,0,0,0,0,0.0,0.0,35,498.04651162790697,86.12475820364762,0,0,1594,531.3333333333334,33.24968632371393,2024-36,457.76190476190476,0,0,1,410.0973154362416,119.90268456375838,29.237617524077603,506.13953488372096,23.860465116279045,-2.4976510067114113
2024-09-03,2024,9,3,Tuesday,36,Lunch,Roti-Paneer,4.0,Sunny,24.0,False,False,False,False,False,True,800,653,72.93,251.41,204.16,47.25,18.79,120.96,30409.56,5714.76,12,56,4.16,1,0,0,0.5712682150947923,0.8207634412072763,-1.0,-1.8369701987210297e-16,0.7818314824680298,0.6234898018587336,506.0,40.9,609.0,50.88,557.0,41.59,609.0,521.0,125.1758762701506,527.8571428571429,94.9551272469067,527.7857142857143,96.22024300964537,653.0,404.0,0,0,0,0,0.0,0.0,70,468.32941176470587,145.08555671570826,0,0,1594,531.3333333333334,40.96612296110414,2024-36,457.76190476190476,0,0,1,506.33557046979865,146.66442953020135,28.96585546895711,506.13953488372096,146.86046511627904,-2.4976510067114113
2024-09-04,2024,9,4,Wednesday,36,Breakfast,Upma,3.5,Cloudy,23.3,False,False,False,False,False,True,800,425,53.2,163.62,131.22,32.4,19.8,141.7,23185.23,4591.0,11,83,3.91,2,0,0,0.72479278722912,0.6889669190756866,-1.0,-1.8369701987210297e-16,0.9749279121818236,-0.22252093395631434,411.0,34.03,517.0,27.94,350.0,22.62,517.0,450.0,55.86591089385461,406.85714285714283,103.68450313560002,425.07142857142856,95.94426610174374,563.0,287.0,0,0,0,0,0.0,0.0,35,402.1162790697674,78.48482088680939,0,1,1386,462.0,30.663780663780667,2024-36,457.76190476190476,0,0,1,400.19463087248323,24.80536912751677,6.198326317731303,470.6046511627907,-45.604651162790674,-3.1976510067114106
2024-09-04,2024,9,4,Wednesday,36,Dinner,Paratha-Paneer,4.1,Cloudy,23.3,False,False,False,False,False,True,800,426,63.84,164.01,128.72,35.29,21.51,108.89,17859.41,3842.42,12,64,4.3,2,0,0,0.72479278722912,0.6889669190756866,-1.0,-1.8369701987210297e-16,0.9749279121818236,-0.22252093395631434,530.0,43.15,592.0,37.79,489.0,32.0,592.0,476.3333333333333,52.08006656421681,421.14285714285717,83.42147719348338,430.35714285714283,92.91733889932385,530.0,308.0,0,0,0,0,0.0,0.0,35,493.16279069767444,94.51730258140397,0,0,1386,462.0,30.735930735930733,2024-36,457.76190476190476,0,0,1,410.0973154362416,15.902684563758385,3.877783141994451,470.6046511627907,-44.604651162790674,-3.1976510067114106
2024-09-04,2024,9,4,Wednesday,36,Lunch,Rice-Sambar,3.6,Cloudy,23.3,False,False,False,False,False,True,800,535,65.89,205.98,173.44,32.54,15.8,99.15,20422.77,3226.1,10,63,3.77,2,0,0,0.72479278722912,0.6889669190756866,-1.0,-1.8369701987210297e-16,0.9749279121818236,-0.22252093395631434,653.0,47.25,588.0,38.73,545.0,45.33,588.0,564.6666666666666,77.86098723579974,520.2857142857143,91.40699150085919,527.0714285714286,96.1196884383972,653.0,404.0,0,0,0,0,0.0,0.0,35,516.5348837209302,108.15494811506254,0,0,1386,462.0,38.6002886002886,2024-36,457.76190476190476,0,0,1,506.33557046979865,28.664429530201346,5.661152643019989,470.6046511627907,64.39534883720933,-3.1976510067114106
2024-09-05,2024,9,5,Thursday,36,Breakfast,Dosa,4.6,Cloudy,23.3,False,False,False,False,False,True,800,477,63.2,183.65,147.15,36.5,19.87,131.58,24163.51,4802.15,12,85,4.37,3,0,0,0.8486442574947509,0.5289640103269624,-1.0,-1.8369701987210297e-16,0.43388373911755823,-0.900968867902419,425.0,32.4,563.0,46.17,533.0,33.57,563.0,437.6666666666667,34.775470281988085,394.57142857142856,85.6209809623344,421.07142857142856,92.19249450988977,514.0,287.0,0,0,0,0,0.0,0.0,35,496.3488372093023,101.6197121205963,1,0,1467,489.0,32.515337423312886,2024-36,457.76190476190476,0,0,1,400.19463087248323,76.80536912751677,19.192003890724312,502.8914728682171,-25.89147286821708,-3.1976510067114106
2024-09-05,2024,9,5,Thursday,36,Dinner,Rice-Curd-Pickle,3.2,Cloudy,23.3,False,False,False,False,False,True,800,407,52.17,156.69,131.2,25.49,16.27,148.26,23232.0,3779.64,9,77,3.53,3,0,0,0.8486442574947509,0.5289640103269624,-1.0,-1.8369701987210297e-16,0.43388373911755823,-0.900968867902419,426.0,35.29,477.0,32.55,398.0,32.04,477.0,454.3333333333333,66.21429855652964,411.14285714285717,79.72333111335436,431.0,92.70714850870625,530.0,308.0,0,0,0,0,0.0,0.0,35,405.6046511627907,82.89641830819832,0,1,1467,489.0,27.74369461486026,2024-36,457.76190476190476,0,0,1,410.0973154362416,-3.0973154362416153,-0.755263523963048,502.8914728682171,-95.89147286821708,-3.1976510067114106
2024-09-05,2024,9,5,Thursday,36,Lunch,Biryani,4.8,Cloudy,23.3,False,False,False,False,False,True,800,583,79.25,224.46,177.72,46.73,20.82,130.01,29180.7,6075.65,10,88,4.47,3,0,0,0.8486442574947509,0.5289640103269624,-1.0,-1.8369701987210297e-16,0.43388373911755823,-0.900968867902419,535.0,32.54,599.0,42.11,646.0,53.86,599.0,590.3333333333334,59.3408234972633,518.0,89.28605714219913,522.5714285714286,91.48662305387732,653.0,404.0,0,0,0,0,0.0,0.0,35,606.7209302325581,110.13462013143287,1,0,1467,489.0,39.740967961826854,2024-36,457.76190476190476,0,0,1,506.33557046979865,76.66442953020135,15.141031758655426,502.8914728682171,80.10852713178292,-3.1976510067114106
2024-09-06,2024,9,6,Friday,36,Breakfast,Paratha-Curry,3.7,Cloudy,29.4,False,False,False,False,False,True,800,397,47.32,152.84,127.98,24.87,16.27,133.25,20367.25,3313.65,12,75,3.9,4,0,1,0.9377521321470804,0.3473052528448203,-1.0,-1.8369701987210297e-16,-0.433883739117558,-0.9009688679024191,477.0,36.5,334.0,23.99,445.0,36.44,334.0,433.0,40.59556626037014,403.57142857142856,81.39995319994009,417.64285714285717,92.12667461611856,514.0,287.0,0,0,0,0,0.0,0.0,35,367.85714285714283,69.70270367033623,0,0,1366,455.3333333333333,29.062957540263547,2024-36,457.76190476190476,0,0,1,400.19463087248323,-3.1946308724832306,-0.7982692984957006,432.13492063492066,-35.13492063492066,2.9023489932885873
2024-09-06,2024,9,6,Friday,36,Dinner,Noodles,4.2,Cloudy,29.4,False,False,False,False,False,True,800,464,55.58,178.64,144.9,33.74,18.89,80.89,14450.89,2729.4,8,46,4.16,4,0,1,0.9377521321470804,0.3473052528448203,-1.0,-1.8369701987210297e-16,-0.433883739117558,-0.9009688679024191,407.0,25.49,419.0,28.49,485.0,31.08,419.0,432.3333333333333,29.022979401385285,417.57142857142856,82.23717152816232,429.5,91.93287685128634,530.0,308.0,0,0,0,0,0.0,0.0,35,427.35714285714283,84.50424189917749,0,0,1366,455.3333333333333,33.96778916544656,2024-36,457.76190476190476,0,0,1,410.0973154362416,53.902684563758385,13.14387647390945,432.13492063492066,31.86507936507934,2.9023489932885873
2024-09-06,2024,9,6,Friday,36,Lunch,Chole-Bhature,4.5,Cloudy,29.4,False,False,False,False,False,True,800,505,66.3,194.43,166.9,27.53,14.16,129.71,25218.61,3570.33,12,63,4.59,4,0,1,0.9377521321470804,0.3473052528448203,-1.0,-1.8369701987210297e-16,-0.433883739117558,-0.9009688679024191,583.0,46.73,535.0,37.5,613.0,46.54,535.0,541.0,39.34463114581258,513.7142857142857,89.05375583641306,514.8571428571429,87.75214846623184,653.0,404.0,0,0,0,0,0.0,0.0,35,501.1904761904762,97.64825828507733,1,0,1366,455.3333333333333,36.9692532942899,2024-36,457.76190476190476,0,0,1,506.33557046979865,-1.335570469798654,-0.2637718042521598,432.13492063492066,72.86507936507934,2.9023489932885873
2024-09-07,2024,9,7,Saturday,36,Breakfast,Bread-Omelette,3.9,Rainy,28.2,False,False,True,False,False,True,800,391,45.74,150.53,117.1,33.44,22.21,98.69,14856.07,3299.93,9,63,4.09,5,0,0,0.9884683243281114,0.1514277775045767,-1.0,-1.8369701987210297e-16,-0.9749279121818236,-0.2225209339563146,397.0,24.87,314.0,17.69,303.0,16.92,314.0,421.6666666666667,48.01388688008331,414.57142857142856,71.9301910254133,423.92857142857144,86.53542119201323,514.0,287.0,0,0,1,0,3.9,28.2,35,320.9761904761905,53.05978592771122,0,0,1239,413.0,31.557707828894273,2024-36,457.76190476190476,1,1,0,400.19463087248323,-9.19463087248323,-2.2975397876872012,361.4761904761905,29.52380952380952,1.702348993288588
2024-09-07,2024,9,7,Saturday,36,Dinner,Roti-Paneer,4.0,Rainy,28.2,False,False,True,False,False,True,800,378,49.91,145.53,112.88,32.65,22.43,136.98,19934.97,4472.13,8,84,4.24,5,0,0,0.9884683243281114,0.1514277775045767,-1.0,-1.8369701987210297e-16,-0.9749279121818236,-0.2225209339563146,464.0,33.74,308.0,20.27,342.0,21.82,308.0,416.3333333333333,43.75309512861036,427.57142857142856,70.0448835696493,432.07142857142856,89.7753300751928,530.0,315.0,0,0,1,0,4.0,28.2,71,468.32941176470587,145.08555671570826,0,0,1239,413.0,30.508474576271187,2024-36,457.76190476190476,1,1,0,410.0973154362416,-32.097315436241615,-7.8267558035823885,361.4761904761905,16.52380952380952,1.702348993288588
2024-09-07,2024,9,7,Saturday,36,Lunch,Fried Rice,4.2,Rainy,28.2,False,False,True,False,False,True,800,470,58.62,180.95,142.23,38.72,21.4,84.34,15261.74,3265.42,10,58,4.33,5,0,0,0.9884683243281114,0.1514277775045767,-1.0,-1.8369701987210297e-16,-0.9749279121818236,-0.2225209339563146,505.0,27.53,410.0,35.1,374.0,32.07,410.0,519.3333333333334,57.847500666263784,522.2857142857143,79.81585950531058,521.7142857142857,79.23618886830478,653.0,404.0,0,0,1,0,4.2,28.2,35,414.14285714285717,69.65159687857265,0,0,1239,413.0,37.933817594834544,2024-36,457.76190476190476,1,1,0,506.33557046979865,-36.335570469798654,-7.176183659403,361.4761904761905,108.52380952380952,1.702348993288588
2024-09-08,2024,9,8,Sunday,36,Breakfast,Puri-Bhaji,4.3,Cloudy,26.1,False,False,True,False,False,True,800,334,40.6,128.59,109.47,19.12,14.87,131.97,16969.88,2522.59,12,69,4.17,6,0,0,0.9987165071710528,-0.05064916883871264,-1.0,-1.8369701987210297e-16,-0.7818314824680299,0.6234898018587334,391.0,33.44,287.0,18.49,330.0,28.76,287.0,374.0,34.77067730142892,421.2857142857143,59.08387903569665,424.2142857142857,86.20742299952941,514.0,334.0,0,0,0,0,4.3,0.0,35,316.2857142857143,54.82089939478339,1,0,1068,356.0,31.273408239700373,2024-36,457.76190476190476,1,1,0,400.19463087248323,-66.19463087248323,-16.54060943500646,334.6984126984127,-0.6984126984127101,-0.39765100671140985
2024-09-08,2024,9,8,Sunday,36,Dinner,Khichdi,3.0,Cloudy,26.1,False,False,True,False,False,True,800,283,33.75,108.96,93.37,15.59,14.3,107.13,11672.22,1669.67,10,80,3.17,6,0,0,0.9987165071710528,-0.05064916883871264,-1.0,-1.8369701987210297e-16,-0.7818314824680299,0.6234898018587334,378.0,32.65,315.0,22.13,277.0,22.46,315.0,375.0,90.53728513711837,423.0,79.0780205451132,432.5,88.98897943868324,530.0,283.0,0,0,0,0,3.0,0.0,35,265.14285714285717,46.54165269454953,0,1,1068,356.0,26.498127340823967,2024-36,457.76190476190476,1,1,0,410.0973154362416,-127.09731543624162,-30.991989133369884,334.6984126984127,-51.69841269841271,-0.39765100671140985
2024-09-08,2024,9,8,Sunday,36,Lunch,Rice-Chicken,4.7,Cloudy,26.1,False,False,True,False,False,True,800,451,52.7,173.64,146.55,27.08,15.6,135.92,23600.04,3680.95,10,89,4.64,6,0,0,0.9987165071710528,-0.05064916883871264,-1.0,-1.8369701987210297e-16,-0.7818314824680299,0.6234898018587334,470.0,38.72,404.0,31.22,412.0,29.74,404.0,475.3333333333333,27.39221300540372,529.0,69.51978135753919,524.5,75.68837935397224,653.0,451.0,0,0,0,0,4.7,0.0,35,422.6666666666667,73.28350117670038,1,0,1068,356.0,42.22846441947566,2024-36,457.76190476190476,1,1,0,506.33557046979865,-55.335570469798654,-10.928635809342028,334.6984126984127,116.30158730158729,-0.39765100671140985
2024-09-09,2024,9,9,Monday,37,Breakfast,Idli-Sambar,3.9,Cloudy,27.1,False,False,False,False,False,True,800,433,56.7,166.7,131.9,34.81,20.88,140.82,23475.31,4901.89,11,59,4.19,0,1,0,0.9680771188662043,-0.2506525322587204,-1.0,-1.8369701987210297e-16,0.0,1.0,334.0,19.12,514.0,42.8,505.0,35.73,514.0,386.0,49.68903299522042,409.7142857142857,43.873736584713455,419.07142857142856,83.109255511335,477.0,334.0,0,0,0,0,0.0,0.0,36,457.4418604651163,63.9487526687177,0,0,1422,474.0,30.450070323488042,2024-37,471.7142857142857,0,0,1,400.19463087248323,32.80536912751677,8.197353636653304,459.8062015503876,-26.806201550387584,0.6023489932885902
2024-09-09,2024,9,9,Monday,37,Dinner,Roti-Dal,3.3,Cloudy,27.1,False,False,False,False,False,True,800,438,54.0,168.63,133.32,35.31,20.94,130.74,22047.36,4616.98,9,63,3.56,0,1,0,0.9680771188662043,-0.2506525322587204,-1.0,-1.8369701987210297e-16,0.0,1.0,283.0,15.59,473.0,27.52,470.0,31.41,473.0,366.3333333333333,78.15582725128819,418.0,76.45259969418967,430.2142857142857,88.36043194816256,530.0,283.0,0,0,0,0,0.0,0.0,36,427.6744186046512,62.5028460038621,0,0,1422,474.0,30.801687763713083,2024-37,471.7142857142857,0,0,1,410.0973154362416,27.902684563758385,6.803917878388662,459.8062015503876,-21.806201550387584,0.6023489932885902
2024-09-09,2024,9,9,Monday,37,Lunch,Rice-Dal-Sabzi,3.4,Cloudy,27.1,False,False,False,False,False,True,800,551,62.47,212.14,177.51,34.62,16.32,125.33,26587.78,4339.54,12,79,3.76,0,1,0,0.9680771188662043,-0.2506525322587204,-1.0,-1.8369701987210297e-16,0.0,1.0,451.0,27.08,506.0,40.9,495.0,30.73,506.0,490.6666666666667,53.10681061157224,535.4285714285714,69.1179116748023,528.5,75.48891920723841,653.0,451.0,0,0,0,0,0.0,0.0,36,494.30232558139534,69.65374733833367,0,0,1422,474.0,38.748241912798875,2024-37,471.7142857142857,0,0,1,506.33557046979865,44.664429530201346,8.821112348231802,459.8062015503876,91.19379844961242,0.6023489932885902
2024-09-10,2024,9,10,Tuesday,37,Breakfast,Poha,3.7,Sunny,30.2,False,False,False,False,False,True,800,428,56.78,164.78,128.45,36.33,22.05,147.37,24284.17,5354.73,12,52,3.81,1,0,0,0.8978045395707416,-0.4403941515576344,-1.0,-1.8369701987210297e-16,0.7818314824680298,0.6234898018587336,433.0,34.81,411.0,34.03,470.0,31.07,411.0,398.3333333333333,55.77036249956995,412.14285714285717,44.42382458181932,416.07142857142856,81.87839414993091,477.0,334.0,0,0,0,0,0.0,0.0,36,435.7906976744186,71.04142257113264,0,0,1594,531.3333333333334,26.85069008782936,2024-37,471.7142857142857,0,0,1,400.19463087248323,27.80536912751677,6.947961562327053,506.13953488372096,-78.13953488372096,3.702348993288588
2024-09-10,2024,9,10,Tuesday,37,Dinner,Rice-Rajma,3.8,Sunny,30.2,False,False,False,False,False,True,800,503,62.01,193.66,154.13,39.52,20.41,103.14,19973.46,4076.37,9,47,3.78,1,0,0,0.8978045395707416,-0.4403941515576344,-1.0,-1.8369701987210297e-16,0.7818314824680298,0.6234898018587336,438.0,35.31,530.0,43.15,513.0,39.25,530.0,408.0,113.02654555457265,414.14285714285717,70.29326324152883,429.5,87.67751224713261,503.0,283.0,0,0,0,0,0.0,0.0,36,498.04651162790697,86.12475820364762,0,0,1594,531.3333333333334,31.555834378920956,2024-37,471.7142857142857,0,0,1,410.0973154362416,92.90268456375838,22.65381436719063,506.13953488372096,-3.1395348837209553,3.702348993288588
2024-09-10,2024,9,10,Tuesday,37,Lunch,Roti-Paneer,4.0,Sunny,30.2,False,False,False,False,False,True,800,663,72.93,255.25,207.19,48.07,18.83,118.96,30365.62,5718.38,9,55,4.11,1,0,0,0.8978045395707416,-0.4403941515576344,-1.0,-1.8369701987210297e-16,0.7818314824680298,0.6234898018587336,551.0,34.62,653.0,47.25,609.0,50.88,653.0,555.0,106.05658866850303,536.8571428571429,71.9963623419701,532.3571428571429,81.09026987334494,663.0,451.0,0,0,0,0,0.0,0.0,72,468.32941176470587,145.08555671570826,0,0,1594,531.3333333333334,41.59347553324969,2024-37,471.7142857142857,0,0,1,506.33557046979865,156.66442953020135,30.940830284714494,506.13953488372096,156.86046511627904,3.702348993288588
2024-09-11,2024,9,11,Wednesday,37,Breakfast,Upma,3.5,Rainy,22.0,False,False,False,False,False,True,800,449,58.52,172.86,134.38,38.49,22.26,145.27,25111.53,5591.07,12,87,3.64,2,0,0,0.7907757369376989,-0.6121059825476626,-1.0,-1.8369701987210297e-16,0.9749279121818236,-0.22252093395631434,428.0,36.33,425.0,32.4,517.0,27.94,425.0,436.6666666666667,10.96965511460767,415.57142857142856,46.46094109700226,411.2142857142857,77.32068941097863,477.0,334.0,0,0,0,0,0.0,22.0,36,402.1162790697674,78.48482088680939,0,1,1593,531.0,28.185812931575644,2024-37,471.7142857142857,0,0,1,400.19463087248323,48.80536912751677,12.195408274497305,470.6046511627907,-21.604651162790674,-4.497651006711411
2024-09-11,2024,9,11,Wednesday,37,Dinner,Paratha-Paneer,4.1,Rainy,22.0,False,False,False,False,False,True,800,580,70.22,223.3,177.02,46.28,20.73,92.87,20738.06,4298.51,8,77,3.99,2,0,0,0.7907757369376989,-0.6121059825476626,-1.0,-1.8369701987210297e-16,0.9749279121818236,-0.22252093395631434,503.0,39.52,426.0,35.29,592.0,37.79,426.0,507.0,71.08445681019118,436.14285714285717,94.53998901951248,428.64285714285717,86.00948708213417,580.0,283.0,0,0,0,0,0.0,22.0,36,493.16279069767444,94.51730258140397,0,0,1593,531.0,36.40929064657878,2024-37,471.7142857142857,0,0,1,410.0973154362416,169.90268456375838,41.42984559238681,470.6046511627907,109.39534883720933,-4.497651006711411
2024-09-11,2024,9,11,Wednesday,37,Lunch,Rice-Sambar,3.6,Rainy,22.0,False,False,False,False,False,True,800,564,72.48,217.14,183.38,33.76,15.55,118.51,25733.52,4000.61,8,90,3.71,2,0,0,0.7907757369376989,-0.6121059825476626,-1.0,-1.8369701987210297e-16,0.9749279121818236,-0.22252093395631434,663.0,48.07,535.0,32.54,588.0,38.73,535.0,592.6666666666666,61.25629219380947,541.0,72.7025905086382,530.6428571428571,80.07074481871778,663.0,451.0,0,0,0,0,0.0,22.0,36,516.5348837209302,108.15494811506254,0,0,1593,531.0,35.40489642184557,2024-37,471.7142857142857,0,0,1,506.33557046979865,57.664429530201346,11.3885796087164,470.6046511627907,93.39534883720933,-4.497651006711411
2024-09-12,2024,9,12,Thursday,37,Breakfast,Dosa,4.6,Cloudy,25.6,False,False,False,False,False,True,800,481,63.2,185.19,149.89,35.3,19.06,104.46,19344.09,3686.95,9,87,4.42,3,0,0,0.6513724827222223,-0.758758122692791,-1.0,-1.8369701987210297e-16,0.43388373911755823,-0.900968867902419,449.0,38.49,477.0,36.5,563.0,46.17,477.0,452.6666666666667,26.68957349478327,416.14285714285717,47.35830997628178,405.35714285714283,67.40874988040923,481.0,334.0,0,0,0,0,0.0,0.0,36,496.3488372093023,101.6197121205963,1,0,1601,533.6666666666666,30.04372267332917,2024-37,471.7142857142857,0,0,1,400.19463087248323,80.80536912751677,20.19151755018531,502.8914728682171,-21.89147286821708,-0.8976510067114098
2024-09-12,2024,9,12,Thursday,37,Dinner,Rice-Curd-Pickle,3.2,Cloudy,25.6,False,False,False,False,False,True,800,488,52.17,187.88,154.77,33.11,17.62,132.65,24922.16,4392.34,8,52,3.59,3,0,0,0.6513724827222223,-0.758758122692791,-1.0,-1.8369701987210297e-16,0.43388373911755823,-0.900968867902419,580.0,46.28,407.0,25.49,477.0,32.55,407.0,523.6666666666666,49.359227438578074,447.7142857142857,95.3322510761081,429.42857142857144,86.53386556782164,580.0,283.0,0,0,0,0,0.0,0.0,36,405.6046511627907,82.89641830819832,0,1,1601,533.6666666666666,30.480949406620862,2024-37,471.7142857142857,0,0,1,410.0973154362416,77.90268456375838,18.99614594669787,502.8914728682171,-14.891472868217079,-0.8976510067114098
2024-09-12,2024,9,12,Thursday,37,Lunch,Biryani,4.8,Cloudy,25.6,False,False,False,False,False,True,800,632,79.25,243.32,196.0,47.32,19.45,95.29,23186.25,4509.1,12,78,4.62,3,0,0,0.6513724827222223,-0.758758122692791,-1.0,-1.8369701987210297e-16,0.43388373911755823,-0.900968867902419,564.0,33.76,583.0,46.73,599.0,42.11,583.0,619.6666666666666,50.63924696649181,548.0,79.4648769373409,533.0,82.68103679897763,663.0,451.0,0,0,0,0,0.0,0.0,36,606.7209302325581,110.13462013143287,1,0,1601,533.6666666666666,39.47532792004997,2024-37,471.7142857142857,0,0,1,506.33557046979865,125.66442953020135,24.8184083558666,502.8914728682171,129.10852713178292,-0.8976510067114098
2024-09-13,2024,9,13,Friday,37,Breakfast,Paratha-Curry,3.7,Rainy,29.2,False,False,False,False,False,True,800,430,52.05,165.55,141.54,24.01,14.5,122.96,20355.88,2952.53,12,60,4.07,4,0,1,0.48530196253108104,-0.8743466161445821,-1.0,-1.8369701987210297e-16,-0.433883739117558,-0.9009688679024191,481.0,35.3,397.0,24.87,334.0,23.99,397.0,453.3333333333333,25.77466456296642,420.85714285714283,46.77402616634144,412.2142857142857,64.40757071055528,481.0,334.0,0,0,0,0,0.0,29.2,36,367.85714285714283,69.70270367033623,0,0,1507,502.3333333333333,28.5335102853351,2024-37,471.7142857142857,0,0,1,400.19463087248323,29.80536912751677,7.447718392057554,432.13492063492066,-2.134920634920661,2.702348993288588
2024-09-13,2024,9,13,Friday,37,Dinner,Noodles,4.2,Rainy,29.2,False,False,False,False,False,True,800,493,61.13,189.81,159.16,30.65,16.15,81.73,15512.65,2504.62,12,68,4.22,4,0,1,0.48530196253108104,-0.8743466161445821,-1.0,-1.8369701987210297e-16,-0.433883739117558,-0.9009688679024191,488.0,33.11,464.0,33.74,419.0,28.49,464.0,520.3333333333334,51.73329037798849,451.85714285714283,96.77711260318495,434.7142857142857,88.09385604301471,580.0,283.0,0,0,0,0,0.0,29.2,36,427.35714285714283,84.50424189917749,0,0,1507,502.3333333333333,32.71400132714001,2024-37,471.7142857142857,0,0,1,410.0973154362416,82.90268456375838,20.21536875352879,432.13492063492066,60.86507936507934,2.702348993288588
2024-09-13,2024,9,13,Friday,37,Lunch,Chole-Bhature,4.5,Rainy,29.2,False,False,False,False,False,True,800,584,72.93,224.84,187.69,37.15,16.52,102.47,23038.36,3806.46,8,69,4.32,4,0,1,0.48530196253108104,-0.8743466161445821,-1.0,-1.8369701987210297e-16,-0.433883739117558,-0.9009688679024191,632.0,47.32,505.0,27.53,535.0,37.5,505.0,593.3333333333334,34.94757979221684,559.2857142857143,77.93526006824408,536.5,83.80173488198689,663.0,451.0,0,0,0,0,0.0,29.2,36,501.1904761904762,97.64825828507733,1,0,1507,502.3333333333333,38.752488387524885,2024-37,471.7142857142857,0,0,1,506.33557046979865,77.66442953020135,15.338529240231166,432.13492063492066,151.86507936507934,2.702348993288588
2024-09-14,2024,9,14,Saturday,37,Breakfast,Bread-Omelette,3.9,Cloudy,25.8,False,False,True,False,False,True,800,304,41.58,117.04,95.62,21.42,18.3,100.75,11791.82,2158.11,9,65,4.01,5,0,0,0.29936312297335804,-0.9541392564000488,-1.0,-1.8369701987210297e-16,-0.9749279121818236,-0.2225209339563146,430.0,24.01,391.0,33.44,314.0,17.69,391.0,405.0,91.10982383914538,408.42857142857144,64.30359539677733,411.5,65.62451465021996,481.0,304.0,0,0,0,0,3.9,0.0,36,320.9761904761905,53.05978592771122,0,0,1035,345.0,29.3719806763285,2024-37,471.7142857142857,1,1,0,400.19463087248323,-96.19463087248323,-24.03696188096396,361.4761904761905,-57.47619047619048,-0.6976510067114106
2024-09-14,2024,9,14,Saturday,37,Dinner,Roti-Paneer,4.0,Cloudy,25.8,False,False,True,False,False,True,800,314,45.38,120.89,94.13,26.76,22.13,126.92,15343.78,3395.9,9,88,4.04,5,0,0,0.29936312297335804,-0.9541392564000488,-1.0,-1.8369701987210297e-16,-0.9749279121818236,-0.2225209339563146,493.0,30.65,378.0,32.65,308.0,20.27,378.0,431.6666666666667,101.93298452087637,442.7142857142857,107.36187139097122,435.14285714285717,87.44216298863948,580.0,283.0,0,0,0,0,4.0,0.0,73,468.32941176470587,145.08555671570826,0,0,1035,345.0,30.33816425120773,2024-37,471.7142857142857,1,1,0,410.0973154362416,-96.09731543624162,-23.432807731018173,361.4761904761905,-47.47619047619048,-0.6976510067114106
2024-09-14,2024,9,14,Saturday,37,Lunch,Fried Rice,4.2,Cloudy,25.8,False,False,True,False,False,True,800,417,53.3,160.54,137.9,22.65,14.11,91.72,14724.81,2077.25,12,79,3.99,5,0,0,0.29936312297335804,-0.9541392564000488,-1.0,-1.8369701987210297e-16,-0.9749279121818236,-0.2225209339563146,584.0,37.15,470.0,38.72,410.0,35.1,470.0,544.3333333333334,112.85536466350807,551.7142857142857,89.73612109162899,537.0,83.00602387778882,663.0,417.0,0,0,0,0,4.2,0.0,36,414.14285714285717,69.65159687857265,0,0,1035,345.0,40.28985507246377,2024-37,471.7142857142857,1,1,0,506.33557046979865,-89.33557046979865,-17.64355018291713,361.4761904761905,55.52380952380952,-0.6976510067114106
2024-09-15,2024,9,15,Sunday,37,Breakfast,Puri-Bhaji,4.3,Rainy,25.2,False,False,True,False,False,True,800,375,44.66,144.38,118.62,25.75,17.84,129.19,18652.1,3327.27,11,86,4.43,6,0,0,0.10116832198743272,-0.994869323391895,-1.0,-1.8369701987210297e-16,-0.7818314824680299,0.6234898018587334,304.0,21.42,334.0,19.12,287.0,18.49,334.0,369.6666666666667,63.169085265922895,414.2857142857143,57.94743102075215,417.7857142857143,56.33987325759025,481.0,304.0,0,0,1,0,4.3,25.2,36,316.2857142857143,54.82089939478339,1,0,1154,384.6666666666667,32.49566724436742,2024-37,471.7142857142857,1,1,0,400.19463087248323,-25.19463087248323,-6.2955944255312035,334.6984126984127,40.30158730158729,-1.297651006711412
2024-09-15,2024,9,15,Sunday,37,Dinner,Khichdi,3.0,Rainy,25.2,False,False,True,False,False,True,800,334,37.12,128.59,99.81,28.78,22.38,85.13,10946.53,2450.15,9,61,3.4,6,0,0,0.10116832198743272,-0.994869323391895,-1.0,-1.8369701987210297e-16,-0.7818314824680299,0.6234898018587334,314.0,26.76,283.0,15.59,315.0,22.13,283.0,380.3333333333333,98.08329793258987,450.0,95.82797086446115,436.5,85.56126909548907,580.0,314.0,0,0,1,0,3.0,25.2,36,265.14285714285717,46.54165269454953,0,1,1154,384.6666666666667,28.942807625649912,2024-37,471.7142857142857,1,1,0,410.0973154362416,-76.09731543624162,-18.55591650369449,334.6984126984127,-0.6984126984127101,-1.297651006711412
2024-09-15,2024,9,15,Sunday,37,Lunch,Rice-Chicken,4.7,Rainy,25.2,False,False,True,False,False,True,800,445,57.97,171.33,133.51,37.81,22.07,128.02,21933.55,4841.09,8,74,4.66,6,0,0,0.10116832198743272,-0.994869323391895,-1.0,-1.8369701987210297e-16,-0.7818314824680299,0.6234898018587334,417.0,22.65,451.0,27.08,404.0,31.22,451.0,482.0,89.43712875534457,550.8571428571429,90.8798264585872,539.9285714285714,78.55665695310869,663.0,417.0,0,0,1,0,4.7,25.2,36,422.6666666666667,73.28350117670038,1,0,1154,384.6666666666667,38.56152512998267,2024-37,471.7142857142857,1,1,0,506.33557046979865,-61.335570469798654,-12.113620698796458,334.6984126984127,110.30158730158729,-1.297651006711412
2024-09-16,2024,9,16,Monday,38,Breakfast,Idli-Sambar,3.9,Cloudy,20.3,False,False,False,False,False,True,800,399,56.7,153.61,121.88,31.73,20.66,98.11,15070.45,3113.22,11,73,4.06,0,1,0,-0.10116832198743204,-0.9948693233918952,-1.0,-1.8369701987210297e-16,0.0,1.0,375.0,25.75,433.0,34.81,514.0,42.8,433.0,359.3333333333333,49.39973009373065,409.42857142857144,57.540875740228735,409.57142857142856,49.1586353408172,481.0,304.0,0,0,0,0,0.0,0.0,37,457.4418604651163,63.9487526687177,0,0,1374,458.0,29.03930131004367,2024-38,461.04761904761904,0,0,1,400.19463087248323,-1.1946308724832306,-0.29851246876520043,459.8062015503876,-60.806201550387584,-6.197651006711411
2024-09-16,2024,9,16,Monday,38,Dinner,Roti-Dal,3.3,Cloudy,20.3,False,False,False,False,False,True,800,468,54.0,180.18,151.03,29.15,16.18,84.43,15211.99,2461.18,12,47,3.68,0,1,0,-0.10116832198743204,-0.9948693233918952,-1.0,-1.8369701987210297e-16,0.0,1.0,334.0,28.78,438.0,35.31,473.0,27.52,438.0,372.0,83.73768566183237,454.2857142857143,95.87268343262039,436.14285714285717,85.4074912430958,580.0,314.0,0,0,0,0,0.0,0.0,37,427.6744186046512,62.5028460038621,0,0,1374,458.0,34.06113537117904,2024-38,461.04761904761904,0,0,1,410.0973154362416,57.902684563758385,14.119254719374187,459.8062015503876,8.193798449612416,-6.197651006711411
2024-09-16,2024,9,16,Monday,38,Lunch,Rice-Dal-Sabzi,3.4,Cloudy,20.3,False,False,False,False,False,True,800,507,62.47,195.19,158.52,36.68,18.79,81.18,15846.39,2977.65,8,79,3.43,0,1,0,-0.10116832198743204,-0.9948693233918952,-1.0,-1.8369701987210297e-16,0.0,1.0,445.0,37.81,551.0,34.62,506.0,40.9,551.0,456.3333333333333,46.05793453177671,544.5714285714286,92.37758953133122,540.0,78.52388171760263,663.0,417.0,0,0,0,0,0.0,0.0,37,494.30232558139534,69.65374733833367,0,0,1374,458.0,36.8995633187773,2024-38,461.04761904761904,0,0,1,506.33557046979865,0.6644295302013461,0.13122315889931682,459.8062015503876,47.193798449612416,-6.197651006711411
2024-09-17,2024,9,17,Tuesday,38,Breakfast,Poha,3.7,Rainy,29.1,False,False,False,False,False,True,800,480,62.46,184.8,158.39,26.41,14.29,87.43,16156.97,2308.91,10,83,3.68,1,0,0,-0.2993631229733582,-0.9541392564000488,-1.0,-1.8369701987210297e-16,0.7818314824680298,0.6234898018587336,399.0,31.73,428.0,36.33,411.0,34.03,428.0,418.0,55.018178813916634,416.85714285714283,63.39671014447772,414.5,52.647960001387574,481.0,304.0,0,0,0,0,0.0,29.1,37,435.7906976744186,71.04142257113264,0,0,1719,573.0,27.923211169284468,2024-38,461.04761904761904,0,0,1,400.19463087248323,79.80536912751677,19.94163913532006,506.13953488372096,-26.139534883720955,2.60234899328859
2024-09-17,2024,9,17,Tuesday,38,Dinner,Rice-Rajma,3.8,Rainy,29.1,False,False,False,False,False,True,800,543,68.21,209.06,164.51,44.54,21.31,95.39,19941.88,4248.85,11,79,3.84,1,0,0,-0.2993631229733582,-0.9541392564000488,-1.0,-1.8369701987210297e-16,0.7818314824680298,0.6234898018587336,468.0,29.15,503.0,39.52,530.0,43.15,503.0,448.3333333333333,105.87886159821154,460.0,100.34772875689157,437.07142857142856,86.56919356633281,580.0,314.0,0,0,0,0,0.0,29.1,37,498.04651162790697,86.12475820364762,0,0,1719,573.0,31.588132635253054,2024-38,461.04761904761904,0,0,1,410.0973154362416,132.90268456375838,32.407596821838,506.13953488372096,36.860465116279045,2.60234899328859
2024-09-17,2024,9,17,Tuesday,38,Lunch,Roti-Paneer,4.0,Rainy,29.1,False,False,False,False,False,True,800,696,80.22,267.96,225.7,42.26,15.77,110.64,29646.38,4675.3,11,87,3.86,1,0,0,-0.2993631229733582,-0.9541392564000488,-1.0,-1.8369701987210297e-16,0.7818314824680298,0.6234898018587336,507.0,36.68,663.0,48.07,653.0,47.25,663.0,549.3333333333334,130.7452994693629,549.2857142857143,99.95951561459687,543.0714285714286,83.93813132367161,696.0,417.0,0,0,0,0,0.0,29.1,74,468.32941176470587,145.08555671570826,0,0,1719,573.0,40.48865619546248,2024-38,461.04761904761904,0,0,1,506.33557046979865,189.66442953020135,37.458247176713854,506.13953488372096,189.86046511627904,2.60234899328859
2024-09-18,2024,9,18,Wednesday,38,Breakfast,Upma,3.5,Cloudy,23.5,False,False,False,False,False,True,800,455,53.2,175.18,140.11,35.07,20.02,142.09,24890.35,4982.47,10,45,3.75,2,0,0,-0.4853019625310808,-0.8743466161445822,-1.0,-1.8369701987210297e-16,0.9749279121818236,-0.22252093395631434,480.0,26.41,449.0,38.49,425.0,32.4,449.0,444.6666666666667,41.47690120215635,417.7142857142857,63.941937948200284,416.64285714285717,53.70805288832354,481.0,304.0,0,0,0,0,0.0,0.0,37,402.1162790697674,78.48482088680939,0,1,1454,484.6666666666667,31.292984869325995,2024-38,461.04761904761904,0,0,1,400.19463087248323,54.80536912751677,13.694678763688806,470.6046511627907,-15.604651162790674,-2.9976510067114113
2024-09-18,2024,9,18,Wednesday,38,Dinner,Paratha-Paneer,4.1,Cloudy,23.5,False,False,False,False,False,True,800,445,63.84,171.33,140.75,30.57,17.84,146.29,25062.89,4472.24,10,58,4.26,2,0,0,-0.4853019625310808,-0.8743466161445822,-1.0,-1.8369701987210297e-16,0.9749279121818236,-0.22252093395631434,543.0,44.54,580.0,46.28,426.0,35.29,580.0,485.3333333333333,51.24776417887185,440.7142857142857,85.28328145210004,438.42857142857144,86.53119871842914,543.0,314.0,0,0,0,0,0.0,0.0,37,493.16279069767444,94.51730258140397,0,0,1454,484.6666666666667,30.605226960110045,2024-38,461.04761904761904,0,0,1,410.0973154362416,34.902684563758385,8.51082980795195,470.6046511627907,-25.604651162790674,-2.9976510067114113
2024-09-18,2024,9,18,Wednesday,38,Lunch,Rice-Sambar,3.6,Cloudy,23.5,False,False,False,False,False,True,800,554,65.89,213.29,175.58,37.71,17.68,88.63,18903.14,3342.3,8,81,3.84,2,0,0,-0.4853019625310808,-0.8743466161445822,-1.0,-1.8369701987210297e-16,0.9749279121818236,-0.22252093395631434,696.0,42.26,564.0,33.76,535.0,32.54,564.0,585.6666666666666,98.39884823174187,547.8571428571429,99.78548420057363,544.4285714285714,83.95118937693645,696.0,417.0,0,0,0,0,0.0,0.0,37,516.5348837209302,108.15494811506254,0,0,1454,484.6666666666667,38.101788170563964,2024-38,461.04761904761904,0,0,1,506.33557046979865,47.664429530201346,9.413604792959017,470.6046511627907,83.39534883720933,-2.9976510067114113
2024-09-19,2024,9,19,Thursday,38,Breakfast,Dosa,4.6,Sunny,28.4,False,False,False,False,False,True,800,560,63.2,215.6,173.34,42.26,19.6,108.89,23475.78,4601.57,12,54,4.34,3,0,0,-0.651372482722222,-0.7587581226927911,-1.0,-1.8369701987210297e-16,0.43388373911755823,-0.900968867902419,455.0,35.07,481.0,35.3,477.0,36.5,481.0,498.3333333333333,54.848275573015414,429.0,81.52709161172585,422.57142857142856,64.39984983942645,560.0,304.0,0,0,0,0,0.0,0.0,37,496.3488372093023,101.6197121205963,1,0,1592,530.6666666666666,35.175879396984925,2024-38,461.04761904761904,0,0,1,400.19463087248323,159.80536912751677,39.93191232454007,502.8914728682171,57.10852713178292,1.9023489932885873
2024-09-19,2024,9,19,Thursday,38,Dinner,Rice-Curd-Pickle,3.2,Sunny,28.4,False,False,False,False,False,True,800,430,52.17,165.55,139.96,25.59,15.46,139.66,23120.31,3573.85,12,74,3.58,3,0,0,-0.651372482722222,-0.7587581226927911,-1.0,-1.8369701987210297e-16,0.43388373911755823,-0.900968867902419,445.0,30.57,488.0,33.11,407.0,25.49,488.0,472.6666666666667,61.3704597777567,432.42857142857144,82.70198938126616,440.07142857142856,86.1058957024732,543.0,314.0,0,0,0,0,0.0,0.0,37,405.6046511627907,82.89641830819832,0,1,1592,530.6666666666666,27.010050251256278,2024-38,461.04761904761904,0,0,1,410.0973154362416,19.902684563758385,4.853161387459188,502.8914728682171,-72.89147286821708,1.9023489932885873
2024-09-19,2024,9,19,Thursday,38,Lunch,Biryani,4.8,Sunny,28.4,False,False,False,False,False,True,800,602,79.25,231.77,183.75,48.02,20.72,138.43,32084.47,6647.94,9,52,4.49,3,0,0,-0.651372482722222,-0.7587581226927911,-1.0,-1.8369701987210297e-16,0.43388373911755823,-0.900968867902419,554.0,37.71,632.0,47.32,583.0,46.73,632.0,617.3333333333334,72.23111056417002,543.5714285714286,96.1472085621095,545.7857142857143,84.77225468769376,696.0,417.0,0,0,0,0,0.0,0.0,37,606.7209302325581,110.13462013143287,1,0,1592,530.6666666666666,37.814070351758794,2024-38,461.04761904761904,0,0,1,506.33557046979865,95.66442953020135,18.893483908594455,502.8914728682171,99.10852713178292,1.9023489932885873
2024-09-20,2024,9,20,Friday,38,Breakfast,Paratha-Curry,3.7,Rainy,25.5,False,False,False,False,False,True,800,424,52.05,163.24,136.11,27.13,16.62,97.55,15923.76,2646.69,9,82,3.86,4,0,1,-0.7907757369376986,-0.6121059825476627,-1.0,-1.8369701987210297e-16,-0.433883739117558,-0.9009688679024191,560.0,42.26,430.0,24.01,397.0,24.87,430.0,479.6666666666667,71.27645707618639,428.14285714285717,81.54636425868168,424.5,63.97806114358518,560.0,304.0,0,0,0,0,0.0,25.5,37,367.85714285714283,69.70270367033623,0,0,1443,481.0,29.38322938322938,2024-38,461.04761904761904,0,0,1,400.19463087248323,23.80536912751677,5.948447902866053,432.13492063492066,-8.134920634920661,-0.9976510067114113
2024-09-20,2024,9,20,Friday,38,Dinner,Noodles,4.2,Rainy,25.5,False,False,False,False,False,True,800,462,61.13,177.87,138.57,39.3,22.09,93.54,16638.83,3675.96,11,73,4.14,4,0,1,-0.7907757369376986,-0.6121059825476627,-1.0,-1.8369701987210297e-16,-0.433883739117558,-0.9009688679024191,430.0,25.59,493.0,30.65,464.0,33.74,493.0,445.6666666666667,16.010413278027382,428.0,79.69316156358721,439.92857142857144,86.06479159126728,543.0,314.0,0,0,0,0,0.0,25.5,37,427.35714285714283,84.50424189917749,0,0,1443,481.0,32.016632016632016,2024-38,461.04761904761904,0,0,1,410.0973154362416,51.902684563758385,12.656187351177081,432.13492063492066,29.86507936507934,-0.9976510067114113
2024-09-20,2024,9,20,Friday,38,Lunch,Chole-Bhature,4.5,Rainy,25.5,False,False,False,False,False,True,800,557,72.93,214.44,172.16,42.29,19.72,88.98,19080.26,3762.54,9,51,4.33,4,0,1,-0.7907757369376986,-0.6121059825476627,-1.0,-1.8369701987210297e-16,-0.433883739117558,-0.9009688679024191,602.0,48.02,584.0,37.15,505.0,27.53,584.0,571.0,26.888659319498267,539.7142857142857,94.7869792142966,549.5,83.98328588292054,696.0,417.0,0,0,0,0,0.0,25.5,37,501.1904761904762,97.64825828507733,1,0,1443,481.0,38.6001386001386,2024-38,461.04761904761904,0,0,1,506.33557046979865,50.664429530201346,10.006097237686232,432.13492063492066,124.86507936507934,-0.9976510067114113
2024-09-21,2024,9,21,Saturday,38,Breakfast,Bread-Omelette,3.9,Cloudy,23.9,False,False,True,False,False,True,800,363,41.58,139.75,116.8,22.95,16.42,90.67,12671.26,2081.01,12,68,4.14,5,0,0,-0.8978045395707417,-0.44039415155763423,-1.0,-1.8369701987210297e-16,-0.9749279121818236,-0.2225209339563146,424.0,27.13,304.0,21.42,391.0,33.44,304.0,449.0,100.85137579626817,436.57142857142856,68.59751487932435,422.5,65.52480446365342,560.0,363.0,0,0,0,0,3.9,0.0,37,320.9761904761905,53.05978592771122,0,0,1159,386.3333333333333,31.320103537532358,2024-38,461.04761904761904,1,1,0,400.19463087248323,-37.19463087248323,-9.294135403914206,361.4761904761905,1.5238095238095184,-2.5976510067114127
2024-09-21,2024,9,21,Saturday,38,Dinner,Roti-Paneer,4.0,Cloudy,23.9,False,False,True,False,False,True,800,352,45.38,135.52,113.49,22.03,16.25,124.86,16920.85,2750.1,10,68,3.91,5,0,0,-0.8978045395707417,-0.44039415155763423,-1.0,-1.8369701987210297e-16,-0.9749279121818236,-0.2225209339563146,462.0,39.3,314.0,26.76,378.0,32.65,314.0,414.6666666666667,56.58032638058228,433.42857142857144,71.50724239044412,438.07142857142856,87.76758143898164,543.0,334.0,0,0,0,0,4.0,0.0,75,468.32941176470587,145.08555671570826,0,0,1159,386.3333333333333,30.371009490940466,2024-38,461.04761904761904,1,1,0,410.0973154362416,-58.097315436241615,-14.166714399103178,361.4761904761905,-9.476190476190482,-2.5976510067114127
2024-09-21,2024,9,21,Saturday,38,Lunch,Fried Rice,4.2,Cloudy,23.9,False,False,True,False,False,True,800,444,53.3,170.94,146.99,23.95,14.01,91.8,15693.11,2198.95,10,60,4.34,5,0,0,-0.8978045395707417,-0.44039415155763423,-1.0,-1.8369701987210297e-16,-0.9749279121818236,-0.2225209339563146,557.0,42.29,417.0,22.65,470.0,38.72,417.0,534.3333333333334,81.4022931699924,543.5714285714286,89.35483039145552,547.6428571428571,86.13639197213959,696.0,444.0,0,0,0,0,4.2,0.0,37,414.14285714285717,69.65159687857265,0,0,1159,386.3333333333333,38.30888697152718,2024-38,461.04761904761904,1,1,0,506.33557046979865,-62.335570469798654,-12.311118180372196,361.4761904761905,82.52380952380952,-2.5976510067114127
2024-09-22,2024,9,22,Sunday,38,Breakfast,Puri-Bhaji,4.3,Cloudy,26.3,False,False,True,False,False,True,800,250,40.6,96.25,82.06,14.19,14.75,112.4,10818.44,1595.34,10,64,4.28,6,0,0,-0.9680771188662041,-0.2506525322587213,-1.0,-1.8369701987210297e-16,-0.7818314824680299,0.6234898018587334,363.0,22.95,375.0,25.75,334.0,19.12,375.0,345.6666666666667,88.28552165181695,418.7142857142857,97.48455311093223,416.5,77.0791301695363,560.0,250.0,0,0,0,0,4.3,0.0,37,316.2857142857143,54.82089939478339,1,0,941,313.6666666666667,26.567481402763015,2024-38,461.04761904761904,1,1,0,400.19463087248323,-150.19463087248323,-37.530396283687466,334.6984126984127,-84.69841269841271,-0.19765100671141056
2024-09-22,2024,9,22,Sunday,38,Dinner,Khichdi,3.0,Cloudy,26.3,False,False,True,False,False,True,800,232,33.75,89.32,70.16,19.16,21.45,117.7,10513.26,2255.57,10,85,3.18,6,0,0,-0.9680771188662041,-0.2506525322587213,-1.0,-1.8369701987210297e-16,-0.7818314824680299,0.6234898018587334,352.0,22.03,334.0,28.78,283.0,15.59,334.0,348.6666666666667,115.03622617824861,418.85714285714283,99.90066494845203,434.42857142857144,95.4235209560425,543.0,232.0,0,0,0,0,3.0,0.0,37,265.14285714285717,46.54165269454953,0,1,941,313.6666666666667,24.654622741764083,2024-38,461.04761904761904,1,1,0,410.0973154362416,-178.09731543624162,-43.42806176304528,334.6984126984127,-102.69841269841271,-0.19765100671141056
2024-09-22,2024,9,22,Sunday,38,Lunch,Rice-Chicken,4.7,Cloudy,26.3,False,False,True,False,False,True,800,459,52.7,176.72,138.3,38.41,21.74,125.19,22122.71,4809.01,8,62,4.73,6,0,0,-0.9680771188662041,-0.2506525322587213,-1.0,-1.8369701987210297e-16,-0.7818314824680299,0.6234898018587334,444.0,23.95,445.0,37.81,451.0,27.08,445.0,486.6666666666667,61.370459777758,545.5714285714286,86.90388779730044,548.2142857142857,85.46990344913495,696.0,444.0,0,0,0,0,4.7,0.0,37,422.6666666666667,73.28350117670038,1,0,941,313.6666666666667,48.777895855472906,2024-38,461.04761904761904,1,1,0,506.33557046979865,-47.335570469798654,-9.34865595673612,334.6984126984127,124.30158730158729,-0.19765100671141056
2024-09-23,2024,9,23,Monday,39,Breakfast,Idli-Sambar,3.9,Rainy,22.9,False,False,False,False,False,True,800,453,62.37,174.41,135.06,39.34,22.56,115.5,20144.21,4544.11,8,82,4.04,0,1,0,-0.9987165071710528,-0.05064916883871355,-1.0,-1.8369701987210297e-16,0.0,1.0,250.0,14.19,399.0,31.73,433.0,34.81,399.0,355.3333333333333,101.71692746703197,426.42857142857144,97.80057454305907,417.92857142857144,77.59209345695592,560.0,250.0,0,0,0,0,0.0,22.9,38,457.4418604651163,63.9487526687177,0,0,1464,488.0,30.942622950819672,2024-39,478.2857142857143,0,0,1,400.19463087248323,52.80536912751677,13.194921933958307,459.8062015503876,-6.806201550387584,-3.5976510067114127
2024-09-23,2024,9,23,Monday,39,Dinner,Roti-Dal,3.3,Rainy,22.9,False,False,False,False,False,True,800,519,59.4,199.81,170.64,29.17,14.6,117.78,23533.69,3435.95,9,68,3.54,0,1,0,-0.9987165071710528,-0.05064916883871355,-1.0,-1.8369701987210297e-16,0.0,1.0,232.0,19.16,468.0,29.15,438.0,35.31,468.0,367.6666666666667,144.13997826187287,426.14285714285717,105.76929070927379,440.2142857142857,98.07546432873322,543.0,232.0,0,0,0,0,0.0,22.9,38,427.6744186046512,62.5028460038621,0,0,1464,488.0,35.450819672131146,2024-39,478.2857142857143,0,0,1,410.0973154362416,108.90268456375838,26.55532734904958,459.8062015503876,59.193798449612416,-3.5976510067114127
2024-09-23,2024,9,23,Monday,39,Lunch,Rice-Dal-Sabzi,3.4,Rainy,22.9,False,False,False,False,False,True,800,492,68.72,189.42,159.62,29.8,15.73,94.89,17974.68,2828.23,8,80,3.55,0,1,0,-0.9987165071710528,-0.05064916883871355,-1.0,-1.8369701987210297e-16,0.0,1.0,459.0,38.41,507.0,36.68,551.0,34.62,507.0,465.0,24.556058315619136,543.4285714285714,88.1889205869183,544.0,86.76670754650996,696.0,444.0,0,0,0,0,0.0,22.9,38,494.30232558139534,69.65374733833367,0,0,1464,488.0,33.60655737704918,2024-39,478.2857142857143,0,0,1,506.33557046979865,-14.335570469798654,-2.831239064736758,459.8062015503876,32.193798449612416,-3.5976510067114127
2024-09-24,2024,9,24,Tuesday,39,Breakfast,Poha,3.7,Sunny,22.6,False,False,False,False,False,True,800,466,56.78,179.41,148.25,31.16,17.37,140.0,25117.67,4362.25,9,74,3.87,1,0,0,-0.9884683243281114,0.15142777750457667,-1.0,-1.8369701987210297e-16,0.7818314824680298,0.6234898018587336,453.0,39.34,480.0,26.41,428.0,36.33,480.0,389.6666666666667,121.12940738455481,424.42857142857144,96.65894878878237,420.64285714285717,78.62922449735187,560.0,250.0,0,0,0,0,0.0,0.0,38,435.7906976744186,71.04142257113264,0,0,1560,520.0,29.871794871794872,2024-39,478.2857142857143,0,0,1,400.19463087248323,65.80536912751677,16.44334132720656,506.13953488372096,-40.139534883720955,-3.89765100671141
2024-09-24,2024,9,24,Tuesday,39,Dinner,Rice-Rajma,3.8,Sunny,22.6,False,False,False,False,False,True,800,514,62.01,197.89,170.26,27.63,13.96,148.73,29432.13,4109.79,9,77,3.77,1,0,0,-0.9884683243281114,0.15142777750457667,-1.0,-1.8369701987210297e-16,0.7818314824680298,0.6234898018587336,519.0,29.17,543.0,44.54,503.0,39.52,543.0,421.6666666666667,164.27517564541887,422.0,100.88442231914044,441.0,98.65947652249238,519.0,232.0,0,0,0,0,0.0,0.0,38,498.04651162790697,86.12475820364762,0,0,1560,520.0,32.94871794871795,2024-39,478.2857142857143,0,0,1,410.0973154362416,103.90268456375838,25.336104542218656,506.13953488372096,7.860465116279045,-3.89765100671141
2024-09-24,2024,9,24,Tuesday,39,Lunch,Roti-Paneer,4.0,Sunny,22.6,False,False,False,False,False,True,800,580,72.93,223.3,174.39,48.91,21.9,105.47,23551.58,5158.75,8,87,3.96,1,0,0,-0.9884683243281114,0.15142777750457667,-1.0,-1.8369701987210297e-16,0.7818314824680298,0.6234898018587336,492.0,29.8,696.0,42.26,663.0,48.07,696.0,510.3333333333333,62.54864773385113,526.8571428571429,61.645298743236765,538.0714285714286,80.6287449083424,602.0,444.0,0,0,0,0,0.0,0.0,76,468.32941176470587,145.08555671570826,0,0,1560,520.0,37.17948717948718,2024-39,478.2857142857143,0,0,1,506.33557046979865,73.66442953020135,14.548539313928213,506.13953488372096,73.86046511627904,-3.89765100671141
2024-09-25,2024,9,25,Wednesday,39,Breakfast,Upma,3.5,Rainy,24.2,False,False,False,False,False,True,800,419,58.52,161.31,132.96,28.36,17.58,119.61,19294.38,3391.68,9,75,3.92,2,0,0,-0.9377521321470804,0.3473052528448203,-1.0,-1.8369701987210297e-16,0.9749279121818236,-0.22252093395631434,466.0,31.16,455.0,35.07,449.0,38.49,455.0,446.0,24.269322199025368,419.2857142857143,95.71435678746509,418.5,78.20461328119686,560.0,250.0,0,0,0,0,0.0,24.2,38,402.1162790697674,78.48482088680939,0,1,1582,527.3333333333334,26.485461441213655,2024-39,478.2857142857143,0,0,1,400.19463087248323,18.80536912751677,4.699055828539802,470.6046511627907,-51.604651162790674,-2.297651006711412
2024-09-25,2024,9,25,Wednesday,39,Dinner,Paratha-Paneer,4.1,Rainy,24.2,False,False,False,False,False,True,800,538,70.22,207.13,164.46,42.67,20.6,126.8,26264.29,5410.4,12,68,4.09,2,0,0,-0.9377521321470804,0.3473052528448203,-1.0,-1.8369701987210297e-16,0.9749279121818236,-0.22252093395631434,514.0,27.63,445.0,30.57,580.0,46.28,445.0,523.6666666666666,12.662279942146585,435.2857142857143,110.11919948509484,438.0,94.66540266400595,538.0,232.0,0,0,0,0,0.0,24.2,38,493.16279069767444,94.51730258140397,0,0,1582,527.3333333333334,34.007585335018966,2024-39,478.2857142857143,0,0,1,410.0973154362416,127.90268456375838,31.188374015007074,470.6046511627907,67.39534883720933,-2.297651006711412
2024-09-25,2024,9,25,Wednesday,39,Lunch,Rice-Sambar,3.6,Rainy,24.2,False,False,False,False,False,True,800,625,72.48,240.63,186.82,53.8,22.36,133.3,32076.05,7172.15,9,49,3.69,2,0,0,-0.9377521321470804,0.3473052528448203,-1.0,-1.8369701987210297e-16,0.9749279121818236,-0.22252093395631434,580.0,48.91,554.0,37.71,564.0,33.76,554.0,565.6666666666666,67.64860185793475,537.0,71.85169912164032,542.4285714285714,83.72639900359945,625.0,444.0,0,0,0,0,0.0,24.2,38,516.5348837209302,108.15494811506254,0,0,1582,527.3333333333334,39.50695322376738,2024-39,478.2857142857143,0,0,1,506.33557046979865,118.66442953020135,23.435925984836437,470.6046511627907,154.39534883720933,-2.297651006711412
2024-09-26,2024,9,26,Thursday,39,Breakfast,Dosa,4.6,Sunny,19.3,False,False,False,False,False,True,800,487,63.2,187.5,159.91,27.59,14.71,82.79,15523.34,2283.97,10,51,4.59,3,0,0,-0.8486442574947509,0.5289640103269624,-1.0,-1.8369701987210297e-16,0.43388373911755823,-0.900968867902419,419.0,28.36,560.0,42.26,481.0,35.3,560.0,457.3333333333333,34.81857741685377,408.85714285714283,80.61312666356675,418.92857142857144,78.58896407718638,487.0,250.0,0,0,0,0,0.0,0.0,38,496.3488372093023,101.6197121205963,1,0,1642,547.3333333333334,29.65895249695493,2024-39,478.2857142857143,0,0,1,400.19463087248323,86.80536912751677,21.69078803937681,502.8914728682171,-15.891472868217079,-7.197651006711411
2024-09-26,2024,9,26,Thursday,39,Dinner,Rice-Curd-Pickle,3.2,Sunny,19.3,False,False,False,False,False,True,800,445,52.17,171.33,135.1,36.23,21.15,125.76,21545.36,4556.16,10,82,3.58,3,0,0,-0.8486442574947509,0.5289640103269624,-1.0,-1.8369701987210297e-16,0.43388373911755823,-0.900968867902419,538.0,42.67,430.0,25.59,488.0,33.11,430.0,499.0,48.280430818292544,437.42857142857144,110.14514233933512,434.92857142857144,93.61004571807764,538.0,232.0,0,0,0,0,0.0,0.0,38,405.6046511627907,82.89641830819832,0,1,1642,547.3333333333334,27.101096224116933,2024-39,478.2857142857143,0,0,1,410.0973154362416,34.902684563758385,8.51082980795195,502.8914728682171,-57.89147286821708,-7.197651006711411
2024-09-26,2024,9,26,Thursday,39,Lunch,Biryani,4.8,Sunny,19.3,False,False,False,False,False,True,800,710,79.25,273.35,224.18,49.17,17.99,138.08,37742.88,6789.01,10,82,4.65,3,0,0,-0.8486442574947509,0.5289640103269624,-1.0,-1.8369701987210297e-16,0.43388373911755823,-0.900968867902419,625.0,53.8,602.0,48.02,632.0,47.32,602.0,638.3333333333334,66.01767440112789,552.4285714285714,95.7546467851689,548.0,92.3013459356824,710.0,444.0,0,0,0,0,0.0,0.0,38,606.7209302325581,110.13462013143287,1,0,1642,547.3333333333334,43.23995127892813,2024-39,478.2857142857143,0,0,1,506.33557046979865,203.66442953020135,40.22321191877419,502.8914728682171,207.10852713178292,-7.197651006711411
2024-09-27,2024,9,27,Friday,39,Breakfast,Paratha-Curry,3.7,Sunny,23.0,False,False,False,False,False,True,800,367,47.32,141.29,115.82,25.48,18.03,106.34,15025.74,2709.19,9,78,3.82,4,0,1,-0.72479278722912,0.6889669190756865,-1.0,-1.8369701987210297e-16,-0.433883739117558,-0.9009688679024191,487.0,27.59,424.0,27.13,430.0,24.01,424.0,424.3333333333333,60.17751518078358,400.7142857142857,81.70009034208482,414.42857142857144,79.70205507022762,487.0,250.0,0,0,0,0,0.0,0.0,38,367.85714285714283,69.70270367033623,0,0,1400,466.6666666666667,26.21428571428571,2024-39,478.2857142857143,0,0,1,400.19463087248323,-33.19463087248323,-8.294621744453204,432.13492063492066,-65.13492063492066,-3.4976510067114113
2024-09-27,2024,9,27,Friday,39,Dinner,Noodles,4.2,Sunny,23.0,False,False,False,False,False,True,800,517,55.58,199.05,169.77,29.28,14.71,110.79,22052.77,3243.69,9,49,4.22,4,0,1,-0.72479278722912,0.6889669190756865,-1.0,-1.8369701987210297e-16,-0.433883739117558,-0.9009688679024191,445.0,36.23,462.0,39.3,493.0,30.65,462.0,500.0,48.774993593028114,445.2857142857143,114.0814245553212,436.64285714285717,94.96526259059691,538.0,232.0,0,0,0,0,0.0,0.0,38,427.35714285714283,84.50424189917749,0,0,1400,466.6666666666667,36.92857142857143,2024-39,478.2857142857143,0,0,1,410.0973154362416,106.90268456375838,26.067638226317207,432.13492063492066,84.86507936507934,-3.4976510067114113
2024-09-27,2024,9,27,Friday,39,Lunch,Chole-Bhature,4.5,Sunny,23.0,False,False,False,False,False,True,800,516,66.3,198.66,168.27,30.39,15.3,104.15,20690.89,3165.26,11,83,4.2,4,0,1,-0.72479278722912,0.6889669190756865,-1.0,-1.8369701987210297e-16,-0.433883739117558,-0.9009688679024191,710.0,49.17,557.0,42.29,584.0,37.15,557.0,617.0,97.24710792614869,546.5714285714286,96.67791395980325,543.1428571428571,92.05003417277389,710.0,444.0,0,0,0,0,0.0,0.0,38,501.1904761904762,97.64825828507733,1,0,1400,466.6666666666667,36.857142857142854,2024-39,478.2857142857143,0,0,1,506.33557046979865,9.664429530201346,1.9087004930809615,432.13492063492066,83.86507936507934,-3.4976510067114113
2024-09-28,2024,9,28,Saturday,39,Breakfast,Bread-Omelette,3.9,Rainy,25.1,False,False,True,False,False,True,800,377,45.74,145.15,114.14,31.01,21.36,91.02,13210.37,2821.93,12,90,4.15,5,0,0,-0.5712682150947924,0.8207634412072763,-1.0,-1.8369701987210297e-16,-0.9749279121818236,-0.2225209339563146,367.0,25.48,363.0,22.95,304.0,21.42,363.0,410.3333333333333,66.58328118479471,402.7142857142857,80.78926142690514,419.64285714285717,74.11384916034689,487.0,250.0,0,0,1,0,3.9,25.1,38,320.9761904761905,53.05978592771122,0,0,1289,429.6666666666667,29.247478665632272,2024-39,478.2857142857143,1,1,0,400.19463087248323,-23.19463087248323,-5.795837595800704,361.4761904761905,15.523809523809518,-1.3976510067114098
2024-09-28,2024,9,28,Saturday,39,Dinner,Roti-Paneer,4.0,Rainy,25.1,False,False,True,False,False,True,800,406,49.91,156.31,127.59,28.72,18.37,94.75,14810.26,2721.3,9,86,4.23,5,0,0,-0.5712682150947924,0.8207634412072763,-1.0,-1.8369701987210297e-16,-0.9749279121818236,-0.2225209339563146,517.0,29.28,352.0,22.03,314.0,26.76,352.0,456.0,56.31163290120341,453.0,108.4066418629413,443.2142857142857,88.80937110240288,538.0,232.0,0,0,1,0,4.0,25.1,77,468.32941176470587,145.08555671570826,0,0,1289,429.6666666666667,31.497284716834756,2024-39,478.2857142857143,1,1,0,410.0973154362416,-4.097315436241615,-0.9991080853292321,361.4761904761905,44.52380952380952,-1.3976510067114098
2024-09-28,2024,9,28,Saturday,39,Lunch,Fried Rice,4.2,Rainy,25.1,False,False,True,False,False,True,800,506,58.62,194.81,162.24,32.57,16.72,109.02,21238.76,3550.52,10,52,4.21,5,0,0,-0.5712682150947924,0.8207634412072763,-1.0,-1.8369701987210297e-16,-0.9749279121818236,-0.2225209339563146,516.0,30.39,444.0,23.95,417.0,22.65,444.0,577.3333333333334,115.00144926623038,555.4285714285714,88.1813607342984,549.5,85.50910882653233,710.0,459.0,0,0,1,0,4.2,25.1,38,414.14285714285717,69.65159687857265,0,0,1289,429.6666666666667,39.25523661753297,2024-39,478.2857142857143,1,1,0,506.33557046979865,-0.3355704697986539,-0.0662743226764215,361.4761904761905,144.52380952380952,-1.3976510067114098
2024-09-29,2024,9,29,Sunday,39,Breakfast,Puri-Bhaji,4.3,Rainy,23.2,False,False,True,False,False,True,800,351,44.66,135.13,104.95,30.18,22.34,120.14,16235.67,3626.24,9,53,4.34,6,0,0,-0.3943558551133187,0.9189578116202306,-1.0,-1.8369701987210297e-16,-0.7818314824680299,0.6234898018587334,377.0,31.01,250.0,14.19,375.0,25.75,250.0,365.0,13.114877048607955,417.14285714285717,53.3180037492927,417.92857142857144,75.49066604117806,487.0,351.0,0,0,1,0,4.3,23.2,38,316.2857142857143,54.82089939478339,1,0,1107,369.0,31.70731707317073,2024-39,478.2857142857143,1,1,0,400.19463087248323,-49.19463087248323,-12.292676382297206,334.6984126984127,16.30158730158729,-3.297651006711412
2024-09-29,2024,9,29,Sunday,39,Dinner,Khichdi,3.0,Rainy,23.2,False,False,True,False,False,True,800,296,37.12,113.96,89.93,24.03,21.09,147.08,16760.86,3534.96,12,81,3.44,6,0,0,-0.3943558551133187,0.9189578116202306,-1.0,-1.8369701987210297e-16,-0.7818314824680299,0.6234898018587334,406.0,28.72,232.0,19.16,334.0,28.78,232.0,406.3333333333333,110.50037707326244,462.14285714285717,87.30679349555915,440.5,92.89096171980721,538.0,296.0,0,0,1,0,3.0,23.2,38,265.14285714285717,46.54165269454953,0,1,1107,369.0,26.738934056007224,2024-39,478.2857142857143,1,1,0,410.0973154362416,-114.09731543624162,-27.82200983560949,334.6984126984127,-38.69841269841271,-3.297651006711412
2024-09-29,2024,9,29,Sunday,39,Lunch,Rice-Chicken,4.7,Rainy,23.2,False,False,True,False,False,True,800,460,57.97,177.1,137.48,39.62,22.37,120.06,21262.42,4756.61,8,55,4.46,6,0,0,-0.3943558551133187,0.9189578116202306,-1.0,-1.8369701987210297e-16,-0.7818314824680299,0.6234898018587334,506.0,32.57,459.0,38.41,445.0,37.81,459.0,494.0,29.86636904613727,555.5714285714286,87.99972943681396,550.5714285714286,84.18268987580126,710.0,460.0,0,0,1,0,4.7,23.2,38,422.6666666666667,73.28350117670038,1,0,1107,369.0,41.55374887082204,2024-39,478.2857142857143,1,1,0,506.33557046979865,-46.335570469798654,-9.151158475160383,334.6984126984127,125.30158730158729,-3.297651006711412
2024-09-30,2024,9,30,Monday,40,Breakfast,Idli-Sambar,3.9,Sunny,26.2,False,False,False,False,False,True,800,454,56.7,174.79,146.63,28.16,16.11,137.49,24032.09,3871.41,8,58,3.98,0,1,0,-0.20129852008866114,0.9795299412524943,-1.0,-1.8369701987210297e-16,0.0,1.0,351.0,30.18,453.0,39.34,399.0,31.73,453.0,394.0,53.56304696336929,417.2857142857143,53.431308817067446,421.85714285714283,75.86005043992041,487.0,351.0,0,0,0,0,0.0,0.0,39,457.4418604651163,63.9487526687177,0,0,1411,470.3333333333333,32.175761871013464,2024-40,451.23809523809524,0,0,1,400.19463087248323,53.80536912751677,13.444800348823557,459.8062015503876,-5.806201550387584,-0.297651006711412
2024-09-30,2024,9,30,Monday,40,Dinner,Roti-Dal,3.3,Sunny,26.2,False,False,False,False,False,True,800,429,54.0,165.16,136.65,28.52,17.27,135.62,22400.19,3867.42,9,84,3.66,0,1,0,-0.20129852008866114,0.9795299412524943,-1.0,-1.8369701987210297e-16,0.0,1.0,296.0,24.03,519.0,29.17,468.0,29.15,519.0,377.0,71.08445681019039,449.2857142857143,84.10650843962539,437.7142857142857,92.58711371661582,538.0,296.0,0,0,0,0,0.0,0.0,39,427.6744186046512,62.5028460038621,0,0,1411,470.3333333333333,30.40396881644224,2024-40,451.23809523809524,0,0,1,410.0973154362416,18.902684563758385,4.6093168260930035,459.8062015503876,-30.806201550387584,-0.297651006711412
2024-09-30,2024,9,30,Monday,40,Lunch,Rice-Dal-Sabzi,3.4,Sunny,26.2,False,False,False,False,False,True,800,528,62.47,203.28,175.43,27.85,13.7,140.71,28603.77,3919.3,9,59,3.8,0,1,0,-0.20129852008866114,0.9795299412524943,-1.0,-1.8369701987210297e-16,0.0,1.0,460.0,39.62,492.0,29.8,507.0,36.68,492.0,498.0,34.698703145795875,560.7142857142857,84.6536360426307,552.0714285714286,83.53116809883663,710.0,460.0,0,0,0,0,0.0,0.0,39,494.30232558139534,69.65374733833367,0,0,1411,470.3333333333333,37.4202693125443,2024-40,451.23809523809524,0,0,1,506.33557046979865,21.664429530201346,4.278670271989822,459.8062015503876,68.19379844961242,-0.297651006711412
2024-10-01,2024,10,1,Tuesday,40,Breakfast,Poha,3.7,Sunny,28.2,False,False,False,False,False,False,800,381,56.78,146.69,123.0,23.68,16.14,103.99,15253.33,2462.46,11,83,3.91,1,0,0,0.20129852008866006,0.9795299412524945,-0.8660254037844386,0.5000000000000001,0.7818314824680298,0.6234898018587336,454.0,28.16,466.0,31.16,480.0,26.41,466.0,395.3333333333333,52.97483679383483,405.14285714285717,50.068048931525034,414.7857142857143,74.6274630532102,487.0,351.0,0,0,0,0,0.0,0.0,39,435.7906976744186,71.04142257113264,0,0,1515,505.0,25.14851485148515,2024-40,451.23809523809524,0,0,1,400.19463087248323,-19.19463087248323,-4.796323936339703,506.13953488372096,-125.13953488372096,1.702348993288588
2024-10-01,2024,10,1,Tuesday,40,Dinner,Rice-Rajma,3.8,Sunny,28.2,False,False,False,False,False,False,800,509,62.01,195.97,166.74,29.22,14.91,115.31,22595.78,3369.66,11,54,3.98,1,0,0,0.20129852008866006,0.9795299412524945,-0.8660254037844386,0.5000000000000001,0.7818314824680298,0.6234898018587336,429.0,28.52,514.0,27.63,543.0,44.54,514.0,411.3333333333333,107.59337030381187,448.57142857142856,83.48424430764804,435.2857142857143,90.0234401709894,538.0,296.0,0,0,0,0,0.0,0.0,39,498.04651162790697,86.12475820364762,0,0,1515,505.0,33.5973597359736,2024-40,451.23809523809524,0,0,1,410.0973154362416,98.90268456375838,24.116881735387736,506.13953488372096,2.8604651162790447,1.702348993288588
2024-10-01,2024,10,1,Tuesday,40,Lunch,Roti-Paneer,4.0,Sunny,28.2,False,False,False,False,False,False,800,625,72.93,240.63,190.96,49.66,20.64,106.98,25742.62,5312.78,8,46,3.94,1,0,0,0.20129852008866006,0.9795299412524945,-0.8660254037844386,0.5000000000000001,0.7818314824680298,0.6234898018587336,528.0,27.85,580.0,48.91,696.0,42.26,580.0,537.6666666666666,82.92365967161228,567.1428571428571,88.00459944690176,547.0,75.93012982594374,710.0,460.0,0,0,0,0,0.0,0.0,78,468.32941176470587,145.08555671570826,0,0,1515,505.0,41.254125412541256,2024-40,451.23809523809524,0,0,1,506.33557046979865,118.66442953020135,23.435925984836437,506.13953488372096,118.86046511627904,1.702348993288588
2024-10-02,2024,10,2,Wednesday,40,Breakfast,Upma,3.5,Sunny,31.0,False,False,False,False,False,False,800,326,53.2,125.51,107.27,18.24,14.53,121.99,15310.58,2224.76,12,77,3.84,2,0,0,0.39435585511331855,0.9189578116202306,-0.8660254037844386,0.5000000000000001,0.9749279121818236,-0.22252093395631434,381.0,23.68,419.0,28.36,455.0,35.07,419.0,387.0,64.21059102671539,391.85714285714283,57.55701107432159,405.57142857142856,77.1997551667245,487.0,326.0,0,0,0,0,0.0,0.0,39,402.1162790697674,78.48482088680939,0,1,1445,481.6666666666667,22.560553633217992,2024-40,451.23809523809524,0,0,1,400.19463087248323,-74.19463087248323,-18.53963675392846,470.6046511627907,-144.60465116279067,4.502348993288589
2024-10-02,2024,10,2,Wednesday,40,Dinner,Paratha-Paneer,4.1,Sunny,31.0,False,False,False,False,False,False,800,504,63.84,194.04,165.76,28.28,14.57,134.24,26048.11,3795.99,11,78,4.11,2,0,0,0.39435585511331855,0.9189578116202306,-0.8660254037844386,0.5000000000000001,0.9749279121818236,-0.22252093395631434,509.0,29.22,538.0,42.67,445.0,30.57,538.0,480.6666666666667,44.81443219916157,443.7142857142857,78.23834159309686,439.5,91.87512428039693,517.0,296.0,0,0,0,0,0.0,0.0,39,493.16279069767444,94.51730258140397,0,0,1445,481.6666666666667,34.878892733564015,2024-40,451.23809523809524,0,0,1,410.0973154362416,93.90268456375838,22.897658928556815,470.6046511627907,33.395348837209326,4.502348993288589
2024-10-02,2024,10,2,Wednesday,40,Lunch,Rice-Sambar,3.6,Sunny,31.0,False,False,False,False,False,False,800,615,65.89,236.78,184.97,51.81,21.88,126.16,29870.94,6535.79,12,79,3.94,2,0,0,0.39435585511331855,0.9189578116202306,-0.8660254037844386,0.5000000000000001,0.9749279121818236,-0.22252093395631434,625.0,49.66,625.0,53.8,554.0,37.71,625.0,589.3333333333334,53.35103872778254,565.7142857142857,86.98412553585965,551.3571428571429,78.08240926971129,710.0,460.0,0,0,0,0,0.0,0.0,39,516.5348837209302,108.15494811506254,0,0,1445,481.6666666666667,42.56055363321799,2024-40,451.23809523809524,0,0,1,506.33557046979865,108.66442953020135,21.460951169079053,470.6046511627907,144.39534883720933,4.502348993288589
2024-10-03,2024,10,3,Thursday,40,Breakfast,Dosa,4.6,Cloudy,31.3,False,False,False,False,False,False,800,462,63.2,177.87,148.73,29.14,16.39,110.03,19570.49,3206.64,11,69,4.43,3,0,0,0.5712682150947923,0.8207634412072763,-0.8660254037844386,0.5000000000000001,0.43388373911755823,-0.900968867902419,326.0,18.24,487.0,27.59,560.0,42.26,487.0,389.6666666666667,68.41296173484551,388.2857142857143,51.08070178881794,398.57142857142856,65.7076441937657,462.0,326.0,0,0,0,0,0.0,0.0,39,496.3488372093023,101.6197121205963,1,0,1508,502.6666666666667,30.636604774535808,2024-40,451.23809523809524,0,0,1,400.19463087248323,61.80536912751677,15.443827667745557,502.8914728682171,-40.89147286821708,4.802348993288589
2024-10-03,2024,10,3,Thursday,40,Dinner,Rice-Curd-Pickle,3.2,Cloudy,31.3,False,False,False,False,False,False,800,381,52.17,146.69,116.74,29.94,20.41,133.61,19598.6,4000.75,8,63,3.56,3,0,0,0.5712682150947923,0.8207634412072763,-0.8660254037844386,0.5000000000000001,0.43388373911755823,-0.900968867902419,504.0,28.28,445.0,36.23,430.0,25.59,445.0,464.6666666666667,72.50057471036513,434.57142857142856,81.72485779095852,436.0,93.1888075154617,517.0,296.0,0,0,0,0,0.0,0.0,39,405.6046511627907,82.89641830819832,0,1,1508,502.6666666666667,25.26525198938992,2024-40,451.23809523809524,0,0,1,410.0973154362416,-29.097315436241615,-7.095222119483837,502.8914728682171,-121.89147286821708,4.802348993288589
2024-10-03,2024,10,3,Thursday,40,Lunch,Biryani,4.8,Cloudy,31.3,False,False,False,False,False,False,800,665,79.25,256.02,216.57,39.46,15.41,143.55,36752.42,5664.48,12,51,4.6,3,0,0,0.5712682150947923,0.8207634412072763,-0.8660254037844386,0.5000000000000001,0.43388373911755823,-0.900968867902419,615.0,51.81,710.0,49.17,602.0,48.02,710.0,635.0,26.457513110645888,559.2857142857143,75.44029490423657,555.8571428571429,82.89275475702838,665.0,460.0,0,0,0,0,0.0,0.0,39,606.7209302325581,110.13462013143287,1,0,1508,502.6666666666667,44.09814323607427,2024-40,451.23809523809524,0,0,1,506.33557046979865,158.66442953020135,31.335825247865966,502.8914728682171,162.10852713178292,4.802348993288589
2024-10-04,2024,10,4,Friday,40,Breakfast,Paratha-Curry,3.7,Sunny,26.1,False,False,False,False,False,False,800,435,47.32,167.48,133.34,34.14,20.38,80.38,13462.12,2744.06,8,81,3.88,4,0,1,0.72479278722912,0.6889669190756866,-0.8660254037844386,0.5000000000000001,-0.433883739117558,-0.9009688679024191,462.0,29.14,367.0,25.48,424.0,27.13,367.0,407.6666666666667,72.00231477760583,398.0,52.79520180218454,399.35714285714283,66.09969992118221,462.0,326.0,0,0,0,0,0.0,0.0,39,367.85714285714283,69.70270367033623,0,0,1407,469.0,30.916844349680172,2024-40,451.23809523809524,0,0,1,400.19463087248323,34.80536912751677,8.697110466383803,432.13492063492066,2.865079365079339,-0.39765100671140985
2024-10-04,2024,10,4,Friday,40,Dinner,Noodles,4.2,Sunny,26.1,False,False,False,False,False,False,800,451,55.58,173.64,140.63,33.01,19.01,87.46,15186.26,2886.98,11,86,4.25,4,0,1,0.72479278722912,0.6889669190756866,-0.8660254037844386,0.5000000000000001,-0.433883739117558,-0.9009688679024191,381.0,29.94,517.0,29.28,462.0,39.3,517.0,445.3333333333333,61.69548875998323,425.14285714285717,74.07975110520779,435.2142857142857,92.99890700054829,509.0,296.0,0,0,0,0,0.0,0.0,39,427.35714285714283,84.50424189917749,0,0,1407,469.0,32.054015636105184,2024-40,451.23809523809524,0,0,1,410.0973154362416,40.902684563758385,9.973897176149055,432.13492063492066,18.86507936507934,-0.39765100671140985
2024-10-04,2024,10,4,Friday,40,Lunch,Chole-Bhature,4.5,Sunny,26.1,False,False,False,False,False,False,800,521,66.3,200.59,164.48,36.11,18.0,106.25,21312.58,3836.73,9,89,4.56,4,0,1,0.72479278722912,0.6889669190756866,-0.8660254037844386,0.5000000000000001,-0.433883739117558,-0.9009688679024191,665.0,39.46,516.0,30.39,557.0,42.29,516.0,600.3333333333334,73.11178655547509,560.0,74.98444283094163,553.2857142857143,83.41133345925246,665.0,460.0,0,0,0,0,0.0,0.0,39,501.1904761904762,97.64825828507733,1,0,1407,469.0,37.02914001421464,2024-40,451.23809523809524,0,0,1,506.33557046979865,14.664429530201346,2.896187900959653,432.13492063492066,88.86507936507934,-0.39765100671140985
2024-10-05,2024,10,5,Saturday,40,Breakfast,Bread-Omelette,3.9,Sunny,30.6,False,False,True,False,False,False,800,345,41.58,132.82,109.11,23.71,17.85,119.53,15876.16,2834.47,12,62,4.23,5,0,0,0.8486442574947509,0.5289640103269624,-0.8660254037844386,0.5000000000000001,-0.9749279121818236,-0.2225209339563146,435.0,34.14,377.0,31.01,363.0,22.95,377.0,414.0,61.261733569987236,393.42857142857144,56.192695678523044,398.07142857142856,67.0298031139471,462.0,326.0,0,0,0,0,3.9,0.0,39,320.9761904761905,53.05978592771122,0,0,1149,383.0,30.026109660574413,2024-40,451.23809523809524,1,1,0,400.19463087248323,-55.19463087248323,-13.791946871488708,361.4761904761905,-16.47619047619048,4.10234899328859
2024-10-05,2024,10,5,Saturday,40,Dinner,Roti-Paneer,4.0,Sunny,30.6,False,False,True,False,False,False,800,373,45.38,143.6,115.8,27.8,19.36,118.84,17066.56,3304.38,10,64,4.11,5,0,0,0.8486442574947509,0.5289640103269624,-0.8660254037844386,0.5000000000000001,-0.9749279121818236,-0.2225209339563146,451.0,33.01,406.0,28.72,352.0,22.03,406.0,401.6666666666667,42.91076011134243,420.42857142857144,76.51112586384016,436.7142857142857,91.7139604937573,509.0,296.0,0,0,0,0,4.0,0.0,79,468.32941176470587,145.08555671570826,0,0,1149,383.0,32.46301131418625,2024-40,451.23809523809524,1,1,0,410.0973154362416,-37.097315436241615,-9.045978610413309,361.4761904761905,11.523809523809518,4.10234899328859
2024-10-05,2024,10,5,Saturday,40,Lunch,Fried Rice,4.2,Sunny,30.6,False,False,True,False,False,False,800,431,53.3,165.94,134.22,31.72,19.11,94.26,15640.79,2989.59,12,80,4.21,5,0,0,0.8486442574947509,0.5289640103269624,-0.8660254037844386,0.5000000000000001,-0.9749279121818236,-0.2225209339563146,521.0,36.11,506.0,32.57,444.0,23.95,506.0,539.0,118.03389343743618,549.2857142857143,88.18298075727633,552.3571428571429,84.78262443799123,665.0,431.0,0,0,0,0,4.2,0.0,39,414.14285714285717,69.65159687857265,0,0,1149,383.0,37.51087902523934,2024-40,451.23809523809524,1,1,0,506.33557046979865,-75.33557046979865,-14.878585440856792,361.4761904761905,69.52380952380952,4.10234899328859
2024-10-06,2024,10,6,Sunday,40,Breakfast,Puri-Bhaji,4.3,Cloudy,35.2,False,False,True,False,False,False,800,322,40.6,123.97,100.28,23.69,19.11,89.66,11115.74,2123.99,8,59,4.26,6,0,0,0.9377521321470804,0.3473052528448203,-0.8660254037844386,0.5000000000000001,-0.7818314824680299,0.6234898018587334,345.0,23.71,351.0,30.18,250.0,14.19,351.0,367.3333333333333,59.71878543082933,389.2857142857143,60.72812167278695,403.2142857142857,56.77239113868997,462.0,322.0,0,0,0,0,4.3,0.0,39,316.2857142857143,54.82089939478339,1,0,1041,347.0,30.931796349663788,2024-40,451.23809523809524,1,1,0,400.19463087248323,-78.19463087248323,-19.53915041338946,334.6984126984127,-12.69841269841271,8.702348993288592
2024-10-06,2024,10,6,Sunday,40,Dinner,Khichdi,3.0,Cloudy,35.2,False,False,True,False,False,False,800,292,33.75,112.42,90.33,22.09,19.65,118.54,13326.3,2618.69,8,55,3.33,6,0,0,0.9377521321470804,0.3473052528448203,-0.8660254037844386,0.5000000000000001,-0.7818314824680299,0.6234898018587334,373.0,27.8,296.0,24.03,232.0,19.16,296.0,372.0,79.50471684120268,419.85714285714283,77.60246682382504,441.0,82.33421571207802,509.0,292.0,0,0,0,0,3.0,0.0,39,265.14285714285717,46.54165269454953,0,1,1041,347.0,28.049951969260327,2024-40,451.23809523809524,1,1,0,410.0973154362416,-118.09731543624162,-28.797388081074228,334.6984126984127,-42.69841269841271,8.702348993288592
2024-10-06,2024,10,6,Sunday,40,Lunch,Rice-Chicken,4.7,Cloudy,35.2,False,False,True,False,False,False,800,427,52.7,164.4,137.48,26.91,16.37,91.33,15013.48,2457.69,9,77,4.52,6,0,0,0.9377521321470804,0.3473052528448203,-0.8660254037844386,0.5000000000000001,-0.7818314824680299,0.6234898018587334,431.0,31.72,460.0,39.62,459.0,38.41,460.0,459.6666666666667,53.15386470740769,544.5714285714286,94.4137298328609,550.0714285714286,87.86831430806396,665.0,427.0,0,0,0,0,4.7,0.0,39,422.6666666666667,73.28350117670038,1,0,1041,347.0,41.01825168107589,2024-40,451.23809523809524,1,1,0,506.33557046979865,-79.33557046979865,-15.668575367159749,334.6984126984127,92.30158730158729,8.702348993288592
2024-10-07,2024,10,7,Monday,41,Breakfast,Idli-Sambar,3.9,Cloudy,31.3,False,False,False,False,False,False,800,496,56.7,190.96,161.52,29.44,15.41,137.63,26281.42,4051.23,11,83,3.98,0,1,0,0.9884683243281114,0.1514277775045767,-0.8660254037844386,0.5000000000000001,0.0,1.0,322.0,23.69,454.0,28.16,453.0,39.34,454.0,387.6666666666667,94.52160246913628,395.2857142857143,69.61253308065163,406.2857142857143,60.700308669128546,496.0,322.0,0,0,0,0,0.0,0.0,40,457.4418604651163,63.9487526687177,0,0,1412,470.6666666666667,35.12747875354108,2024-41,449.8095238095238,0,0,1,400.19463087248323,95.80536912751677,23.939693773164063,459.8062015503876,36.193798449612416,4.802348993288589
2024-10-07,2024,10,7,Monday,41,Dinner,Roti-Dal,3.3,Cloudy,31.3,False,False,False,False,False,False,800,392,54.0,150.92,121.89,29.03,19.23,148.91,22473.7,4322.46,12,86,3.59,0,1,0,0.9884683243281114,0.1514277775045767,-0.8660254037844386,0.5000000000000001,0.0,1.0,292.0,22.09,429.0,28.52,519.0,29.17,429.0,352.3333333333333,53.10681061156971,414.57142857142856,78.1341946970236,431.92857142857144,80.04370372174463,509.0,292.0,0,0,0,0,0.0,0.0,40,427.6744186046512,62.5028460038621,0,0,1412,470.6666666666667,27.762039660056658,2024-41,449.8095238095238,0,0,1,410.0973154362416,-18.097315436241615,-4.412931944455811,459.8062015503876,-67.80620155038758,4.802348993288589
2024-10-07,2024,10,7,Monday,41,Lunch,Rice-Dal-Sabzi,3.4,Cloudy,31.3,False,False,False,False,False,False,800,524,62.47,201.74,157.07,44.67,22.14,95.52,19271.0,4267.51,8,83,3.45,0,1,0,0.9884683243281114,0.1514277775045767,-0.8660254037844386,0.5000000000000001,0.0,1.0,427.0,26.91,528.0,27.85,492.0,29.8,528.0,460.6666666666667,54.884727687521604,544.0,94.54275928559204,552.3571428571429,86.64925508389248,665.0,427.0,0,0,0,0,0.0,0.0,40,494.30232558139534,69.65374733833367,0,0,1412,470.6666666666667,37.110481586402265,2024-41,449.8095238095238,0,0,1,506.33557046979865,17.664429530201346,3.4886803456868676,459.8062015503876,64.19379844961242,4.802348993288589
2024-10-08,2024,10,8,Tuesday,41,Breakfast,Poha,3.7,Cloudy,32.9,False,False,False,False,False,False,800,412,56.78,158.62,131.19,27.43,17.3,146.2,23190.26,4010.92,9,85,3.86,1,0,0,0.9987165071710528,-0.05064916883871264,-0.8660254037844386,0.5000000000000001,0.7818314824680298,0.6234898018587336,496.0,29.44,381.0,23.68,466.0,31.16,381.0,410.0,87.01723967122892,399.7142857142857,69.53827312042978,402.42857142857144,58.28143164615367,496.0,322.0,0,0,0,0,0.0,0.0,40,435.7906976744186,71.04142257113264,0,0,1475,491.6666666666667,27.932203389830505,2024-41,449.8095238095238,0,0,1,400.19463087248323,11.80536912751677,2.9499069244830514,506.13953488372096,-94.13953488372096,6.402348993288587
2024-10-08,2024,10,8,Tuesday,41,Dinner,Rice-Rajma,3.8,Cloudy,32.9,False,False,False,False,False,False,800,466,62.01,179.41,151.42,27.99,15.6,115.74,20764.62,3239.36,9,84,3.79,1,0,0,0.9987165071710528,-0.05064916883871264,-0.8660254037844386,0.5000000000000001,0.7818314824680298,0.6234898018587336,392.0,29.03,509.0,29.22,514.0,27.63,509.0,383.3333333333333,87.32315462311908,408.42857142857144,70.82103534698612,428.5,77.23664933177731,504.0,292.0,0,0,0,0,0.0,0.0,40,498.04651162790697,86.12475820364762,0,0,1475,491.6666666666667,31.593220338983052,2024-41,449.8095238095238,0,0,1,410.0973154362416,55.902684563758385,13.631565596641817,506.13953488372096,-40.139534883720955,6.402348993288587
2024-10-08,2024,10,8,Tuesday,41,Lunch,Roti-Paneer,4.0,Cloudy,32.9,False,False,False,False,False,False,800,597,72.93,229.84,177.83,52.01,22.63,139.54,32072.51,7257.98,12,63,3.94,1,0,0,0.9987165071710528,-0.05064916883871264,-0.8660254037844386,0.5000000000000001,0.7818314824680298,0.6234898018587336,524.0,44.67,625.0,49.66,580.0,48.91,625.0,516.0,85.2818855326267,540.0,91.07323060775539,553.5714285714286,87.1839031417671,665.0,427.0,0,0,0,0,0.0,0.0,80,468.32941176470587,145.08555671570826,0,0,1475,491.6666666666667,40.47457627118644,2024-41,449.8095238095238,0,0,1,506.33557046979865,90.66442953020135,17.905996500715762,506.13953488372096,90.86046511627904,6.402348993288587
2024-10-09,2024,10,9,Wednesday,41,Breakfast,Upma,3.5,Sunny,27.8,False,False,False,False,False,False,800,436,53.2,167.86,133.36,34.5,20.55,80.02,13432.18,2760.61,9,50,3.95,2,0,0,0.9680771188662043,-0.2506525322587204,-0.8660254037844386,0.5000000000000001,0.9749279121818236,-0.22252093395631434,412.0,27.43,326.0,18.24,419.0,28.36,326.0,448.0,43.26661530556898,415.42857142857144,62.13924455837694,403.64285714285717,58.82778927691231,496.0,322.0,0,0,0,0,0.0,0.0,40,402.1162790697674,78.48482088680939,0,1,1503,501.0,29.008649367930804,2024-41,449.8095238095238,0,0,1,400.19463087248323,35.80536912751677,8.946988881249055,470.6046511627907,-34.604651162790674,1.3023489932885894
2024-10-09,2024,10,9,Wednesday,41,Dinner,Paratha-Paneer,4.1,Sunny,27.8,False,False,False,False,False,False,800,527,63.84,202.9,166.33,36.56,18.02,131.58,26697.9,4811.1,8,50,4.17,2,0,0,0.9680771188662043,-0.2506525322587204,-0.8660254037844386,0.5000000000000001,0.9749279121818236,-0.22252093395631434,466.0,27.99,504.0,28.28,538.0,42.67,504.0,461.6666666666667,67.60424049816132,411.7142857142857,76.3145121317353,427.7142857142857,76.08439501524016,527.0,292.0,0,0,0,0,0.0,0.0,40,493.16279069767444,94.51730258140397,0,0,1503,501.0,35.06320691949434,2024-41,449.8095238095238,0,0,1,410.0973154362416,116.90268456375838,28.506083839979052,470.6046511627907,56.395348837209326,1.3023489932885894
2024-10-09,2024,10,9,Wednesday,41,Lunch,Rice-Sambar,3.6,Sunny,27.8,False,False,False,False,False,False,800,540,65.89,207.9,175.39,32.51,15.64,104.72,21771.07,3404.85,11,70,3.83,2,0,0,0.9680771188662043,-0.2506525322587204,-0.8660254037844386,0.5000000000000001,0.9749279121818236,-0.22252093395631434,597.0,52.01,615.0,51.81,625.0,53.8,615.0,553.6666666666666,38.3709959908961,529.2857142857143,84.98767417634635,547.5,84.75280798615772,665.0,427.0,0,0,0,0,0.0,0.0,40,516.5348837209302,108.15494811506254,0,0,1503,501.0,35.92814371257485,2024-41,449.8095238095238,0,0,1,506.33557046979865,33.664429530201346,6.648640050898681,470.6046511627907,69.39534883720933,1.3023489932885894
2024-10-10,2024,10,10,Thursday,41,Breakfast,Dosa,4.6,Cloudy,32.8,False,False,False,False,False,False,800,523,63.2,201.35,165.83,35.53,17.64,120.81,24324.74,4291.96,10,62,4.37,3,0,0,0.8978045395707416,-0.4403941515576344,-0.8660254037844386,0.5000000000000001,0.43388373911755823,-0.900968867902419,436.0,34.5,462.0,29.14,487.0,27.59,462.0,457.0,58.40376700179618,424.14285714285717,73.07400032713133,406.2142857142857,63.36363743860164,523.0,322.0,0,0,0,0,0.0,0.0,40,496.3488372093023,101.6197121205963,1,0,1593,531.0,32.83113622096673,2024-41,449.8095238095238,0,0,1,400.19463087248323,122.80536912751677,30.686410974525813,502.8914728682171,20.10852713178292,6.302348993288586
2024-10-10,2024,10,10,Thursday,41,Dinner,Rice-Curd-Pickle,3.2,Cloudy,32.8,False,False,False,False,False,False,800,449,52.17,172.86,136.33,36.54,21.14,115.44,19954.96,4217.69,12,49,3.52,3,0,0,0.8978045395707416,-0.4403941515576344,-0.8660254037844386,0.5000000000000001,0.43388373911755823,-0.900968867902419,527.0,36.56,381.0,29.94,445.0,36.23,381.0,480.6666666666667,41.01625693957522,421.42857142857144,76.08078413295783,428.0,76.16177114941145,527.0,292.0,0,0,0,0,0.0,0.0,40,405.6046511627907,82.89641830819832,0,1,1593,531.0,28.185812931575644,2024-41,449.8095238095238,0,0,1,410.0973154362416,38.902684563758385,9.486208053416686,502.8914728682171,-53.89147286821708,6.302348993288586
2024-10-10,2024,10,10,Thursday,41,Lunch,Biryani,4.8,Cloudy,32.8,False,False,False,False,False,False,800,621,79.25,239.09,205.68,33.41,13.97,111.83,26737.62,3735.84,11,81,4.41,3,0,0,0.8978045395707416,-0.4403941515576344,-0.8660254037844386,0.5000000000000001,0.43388373911755823,-0.900968867902419,540.0,32.51,665.0,39.46,710.0,49.17,665.0,586.0,41.60528812542964,523.0,74.22263805605428,541.1428571428571,74.32243386639213,621.0,427.0,0,0,0,0,0.0,0.0,40,606.7209302325581,110.13462013143287,1,0,1593,531.0,38.983050847457626,2024-41,449.8095238095238,0,0,1,506.33557046979865,114.66442953020135,22.645936058533483,502.8914728682171,118.10852713178292,6.302348993288586
2024-10-11,2024,10,11,Friday,41,Breakfast,Paratha-Curry,3.7,Sunny,31.6,False,False,False,False,False,False,800,340,47.32,130.9,102.54,28.36,21.66,115.93,15175.25,3287.5,10,79,4.01,4,0,1,0.7907757369376989,-0.6121059825476626,-0.8660254037844386,0.5000000000000001,-0.433883739117558,-0.9009688679024191,523.0,35.53,435.0,34.14,367.0,25.48,435.0,433.0,91.53687781435467,410.57142857142856,79.27979385874924,404.2857142857143,65.03777431548605,523.0,322.0,0,0,0,0,0.0,0.0,40,367.85714285714283,69.70270367033623,0,0,1363,454.3333333333333,24.944974321349964,2024-41,449.8095238095238,0,0,1,400.19463087248323,-60.19463087248323,-15.041338945814958,432.13492063492066,-92.13492063492066,5.10234899328859
2024-10-11,2024,10,11,Friday,41,Dinner,Noodles,4.2,Sunny,31.6,False,False,False,False,False,False,800,468,55.58,180.18,143.21,36.97,20.52,103.78,18698.41,3836.11,11,88,4.2,4,0,1,0.7907757369376989,-0.6121059825476626,-0.8660254037844386,0.5000000000000001,-0.433883739117558,-0.9009688679024191,449.0,36.54,451.0,33.01,517.0,29.28,451.0,481.3333333333333,40.67349669420191,423.85714285714283,77.44122195021764,424.5,72.80928723516149,527.0,292.0,0,0,0,0,0.0,0.0,40,427.35714285714283,84.50424189917749,0,0,1363,454.3333333333333,34.33602347762289,2024-41,449.8095238095238,0,0,1,410.0973154362416,57.902684563758385,14.119254719374187,432.13492063492066,35.86507936507934,5.10234899328859
2024-10-11,2024,10,11,Friday,41,Lunch,Chole-Bhature,4.5,Sunny,31.6,False,False,False,False,False,False,800,555,66.3,213.68,176.28,37.4,17.5,128.59,27477.2,4808.78,11,81,4.42,4,0,1,0.7907757369376989,-0.6121059825476626,-0.8660254037844386,0.5000000000000001,-0.433883739117558,-0.9009688679024191,621.0,33.41,521.0,36.11,516.0,30.39,521.0,572.0,43.09292285283074,527.8571428571429,75.17630072354075,543.9285714285714,74.03789496001319,621.0,427.0,0,0,0,0,0.0,0.0,40,501.1904761904762,97.64825828507733,1,0,1363,454.3333333333333,40.719002201027145,2024-41,449.8095238095238,0,0,1,506.33557046979865,48.664429530201346,9.611102274534755,432.13492063492066,122.86507936507934,5.10234899328859
2024-10-12,2024,10,12,Saturday,41,Breakfast,Bread-Omelette,3.9,Sunny,27.1,False,False,True,False,False,False,800,368,41.58,141.68,109.83,31.85,22.48,88.14,12487.5,2807.02,8,69,4.07,5,0,0,0.6513724827222223,-0.758758122692791,-0.8660254037844386,0.5000000000000001,-0.9749279121818236,-0.2225209339563146,340.0,28.36,345.0,23.71,377.0,31.01,345.0,410.3333333333333,98.57146307797926,413.85714285714283,76.53850571537778,403.64285714285717,65.37184426018614,523.0,322.0,0,0,0,0,3.9,0.0,40,320.9761904761905,53.05978592771122,0,0,1154,384.6666666666667,31.88908145580589,2024-41,449.8095238095238,1,1,0,400.19463087248323,-32.19463087248323,-8.044743329587954,361.4761904761905,6.523809523809518,0.6023489932885902
2024-10-12,2024,10,12,Saturday,41,Dinner,Roti-Paneer,4.0,Sunny,27.1,False,False,True,False,False,False,800,366,45.38,140.91,113.41,27.5,19.52,117.5,16556.31,3231.35,10,60,3.98,5,0,0,0.6513724827222223,-0.758758122692791,-0.8660254037844386,0.5000000000000001,-0.9749279121818236,-0.2225209339563146,468.0,36.97,373.0,27.8,406.0,28.72,373.0,427.6666666666667,54.24327915357998,422.85714285714283,78.24838352202259,421.64285714285717,74.35942560176298,527.0,292.0,0,0,0,0,4.0,0.0,81,468.32941176470587,145.08555671570826,0,0,1154,384.6666666666667,31.715771230502597,2024-41,449.8095238095238,1,1,0,410.0973154362416,-44.097315436241615,-10.752890539976597,361.4761904761905,4.523809523809518,0.6023489932885902
2024-10-12,2024,10,12,Saturday,41,Lunch,Fried Rice,4.2,Sunny,27.1,False,False,True,False,False,False,800,420,53.3,161.7,139.56,22.14,13.69,127.38,20597.98,2819.68,9,65,4.18,5,0,0,0.6513724827222223,-0.758758122692791,-0.8660254037844386,0.5000000000000001,-0.9749279121818236,-0.2225209339563146,555.0,37.4,431.0,31.72,506.0,32.57,431.0,532.0,102.45486811274532,526.2857142857143,77.61381811188521,537.7857142857143,80.69522774129729,621.0,420.0,0,0,0,0,4.2,0.0,40,414.14285714285717,69.65159687857265,0,0,1154,384.6666666666667,36.3951473136915,2024-41,449.8095238095238,1,1,0,506.33557046979865,-86.33557046979865,-17.051057738189915,361.4761904761905,58.52380952380952,0.6023489932885902
2024-10-13,2024,10,13,Sunday,41,Breakfast,Puri-Bhaji,4.3,Sunny,27.5,False,False,True,False,False,False,800,324,40.6,124.74,104.88,19.86,15.92,103.94,12965.41,2064.11,12,56,4.27,6,0,0,0.48530196253108104,-0.8743466161445821,-0.8660254037844386,0.5000000000000001,-0.7818314824680299,0.6234898018587334,368.0,31.85,322.0,23.69,351.0,30.18,322.0,344.0,22.27105745132217,414.14285714285717,76.14115963443328,401.7142857142857,67.41082836028488,523.0,324.0,0,0,0,0,4.3,0.0,40,316.2857142857143,54.82089939478339,1,0,946,315.3333333333333,34.24947145877378,2024-41,449.8095238095238,1,1,0,400.19463087248323,-76.19463087248323,-19.03939358365896,334.6984126984127,-10.69841269841271,1.0023489932885887
2024-10-13,2024,10,13,Sunday,41,Dinner,Khichdi,3.0,Sunny,27.5,False,False,True,False,False,False,800,238,33.75,91.63,76.5,15.13,16.52,143.69,13166.77,2174.78,11,57,3.26,6,0,0,0.48530196253108104,-0.8743466161445821,-0.8660254037844386,0.5000000000000001,-0.7818314824680299,0.6234898018587334,366.0,27.5,292.0,22.09,296.0,24.03,292.0,357.3333333333333,115.24466726635615,415.14285714285717,94.31229783972786,417.5,83.0104256658808,527.0,238.0,0,0,0,0,3.0,0.0,40,265.14285714285717,46.54165269454953,0,1,946,315.3333333333333,25.158562367864697,2024-41,449.8095238095238,1,1,0,410.0973154362416,-172.09731543624162,-41.96499439484817,334.6984126984127,-96.69841269841271,1.0023489932885887
2024-10-13,2024,10,13,Sunday,41,Lunch,Rice-Chicken,4.7,Sunny,27.5,False,False,True,False,False,False,800,384,52.7,147.84,118.99,28.85,19.51,142.6,21082.3,4113.85,10,56,4.77,6,0,0,0.48530196253108104,-0.8743466161445821,-0.8660254037844386,0.5000000000000001,-0.7818314824680299,0.6234898018587334,420.0,22.14,427.0,26.91,460.0,39.62,427.0,453.0,90.14987520790068,520.1428571428571,87.81311324137693,532.3571428571429,88.50867592663312,621.0,384.0,0,0,0,0,4.7,0.0,40,422.6666666666667,73.28350117670038,1,0,946,315.3333333333333,40.59196617336152,2024-41,449.8095238095238,1,1,0,506.33557046979865,-122.33557046979865,-24.160967074916496,334.6984126984127,49.30158730158729,1.0023489932885887
2024-10-14,2024,10,14,Monday,42,Breakfast,Idli-Sambar,3.9,Sunny,32.8,False,False,False,False,False,False,800,422,56.7,162.47,129.47,33.0,20.31,96.04,15604.35,3169.95,9,84,3.94,0,1,0,0.29936312297335804,-0.9541392564000488,-0.8660254037844386,0.5000000000000001,0.0,1.0,324.0,19.86,496.0,29.44,454.0,28.16,496.0,371.3333333333333,49.08496035786753,403.57142857142856,67.53235556101315,399.42857142857144,66.02996322849233,523.0,324.0,0,0,0,0,0.0,0.0,41,457.4418604651163,63.9487526687177,0,0,1238,412.6666666666667,34.087237479806134,2024-42,428.2857142857143,0,0,1,400.19463087248323,21.80536912751677,5.448691073135552,459.8062015503876,-37.806201550387584,6.302348993288586
2024-10-14,2024,10,14,Monday,42,Dinner,Roti-Dal,3.3,Sunny,32.8,False,False,False,False,False,False,800,357,54.0,137.44,112.36,25.08,18.25,80.46,11059.33,2018.16,12,47,3.74,0,1,0,0.29936312297335804,-0.9541392564000488,-0.8660254037844386,0.5000000000000001,0.0,1.0,238.0,15.13,392.0,29.03,429.0,28.52,392.0,320.3333333333333,71.44461724533981,410.14285714285717,96.64268996571616,412.35714285714283,84.460830377944,527.0,238.0,0,0,0,0,0.0,0.0,41,427.6744186046512,62.5028460038621,0,0,1238,412.6666666666667,28.836833602584814,2024-42,428.2857142857143,0,0,1,410.0973154362416,-53.097315436241615,-12.947491592272256,459.8062015503876,-102.80620155038758,6.302348993288586
2024-10-14,2024,10,14,Monday,42,Lunch,Rice-Dal-Sabzi,3.4,Sunny,32.8,False,False,False,False,False,False,800,459,62.47,176.72,149.07,27.65,15.65,88.39,15620.1,2443.92,8,88,3.86,0,1,0,0.29936312297335804,-0.9541392564000488,-0.8660254037844386,0.5000000000000001,0.0,1.0,384.0,28.85,524.0,44.67,528.0,27.85,524.0,421.0,37.50999866702312,510.85714285714283,90.72564608280767,527.4285714285714,90.66482167913826,621.0,384.0,0,0,0,0,0.0,0.0,41,494.30232558139534,69.65374733833367,0,0,1238,412.6666666666667,37.07592891760905,2024-42,428.2857142857143,0,0,1,506.33557046979865,-47.335570469798654,-9.34865595673612,459.8062015503876,-0.8062015503875841,6.302348993288586
2024-10-15,2024,10,15,Tuesday,42,Breakfast,Poha,3.7,Sunny,26.1,False,False,False,False,False,False,800,405,56.78,155.93,124.96,30.97,19.86,142.87,22276.77,4424.13,12,62,3.86,1,0,0,0.10116832198743272,-0.994869323391895,-0.8660254037844386,0.5000000000000001,0.7818314824680298,0.6234898018587336,422.0,33.0,412.0,27.43,381.0,23.68,412.0,383.6666666666667,52.36729259121027,402.57142857142856,67.43850814595794,401.14285714285717,65.82594431570999,523.0,324.0,0,0,0,0,0.0,0.0,41,435.7906976744186,71.04142257113264,0,0,1600,533.3333333333334,25.3125,2024-42,428.2857142857143,0,0,1,400.19463087248323,4.805369127516769,1.2007580204263002,506.13953488372096,-101.13953488372096,-0.39765100671140985
2024-10-15,2024,10,15,Tuesday,42,Dinner,Rice-Rajma,3.8,Sunny,26.1,False,False,False,False,False,False,800,536,62.01,206.36,170.28,36.08,17.48,83.79,17290.98,3023.3,11,75,4.13,1,0,0,0.10116832198743272,-0.994869323391895,-0.8660254037844386,0.5000000000000001,0.7818314824680298,0.6234898018587336,357.0,25.08,466.0,27.99,509.0,29.22,466.0,377.0,150.00333329629652,420.14285714285717,106.50419173508088,414.2857142857143,87.10420688544735,536.0,238.0,0,0,0,0,0.0,0.0,41,498.04651162790697,86.12475820364762,0,0,1600,533.3333333333334,33.5,2024-42,428.2857142857143,0,0,1,410.0973154362416,125.90268456375838,30.700684892274708,506.13953488372096,29.860465116279045,-0.39765100671140985
2024-10-15,2024,10,15,Tuesday,42,Lunch,Roti-Paneer,4.0,Sunny,26.1,False,False,False,False,False,False,800,659,72.93,253.72,218.76,34.96,13.78,144.12,36565.53,5038.08,10,70,3.95,1,0,0,0.10116832198743272,-0.994869323391895,-0.8660254037844386,0.5000000000000001,0.7818314824680298,0.6234898018587336,459.0,27.65,597.0,52.01,625.0,49.66,597.0,500.6666666666667,142.15601757693332,519.7142857142857,102.7646409450812,529.8571428571429,93.87787249962045,659.0,384.0,0,0,0,0,0.0,0.0,82,468.32941176470587,145.08555671570826,0,0,1600,533.3333333333334,41.1875,2024-42,428.2857142857143,0,0,1,506.33557046979865,152.66442953020135,30.15084035841154,506.13953488372096,152.86046511627904,-0.39765100671140985
2024-10-16,2024,10,16,Wednesday,42,Breakfast,Upma,3.5,Sunny,25.9,False,False,False,False,False,False,800,501,53.2,192.89,155.14,37.75,19.57,140.23,27047.88,5293.3,9,74,3.94,2,0,0,-0.10116832198743204,-0.9948693233918952,-0.8660254037844386,0.5000000000000001,0.9749279121818236,-0.22252093395631434,405.0,30.97,436.0,34.5,326.0,18.24,436.0,442.6666666666667,51.2282474161807,411.85714285714283,76.65382915294958,413.64285714285717,67.06323897619347,523.0,324.0,0,0,0,0,0.0,0.0,41,402.1162790697674,78.48482088680939,0,1,1565,521.6666666666666,32.01277955271566,2024-42,428.2857142857143,0,0,1,400.19463087248323,100.80536912751677,25.18908584749031,470.6046511627907,30.395348837209326,-0.5976510067114127
2024-10-16,2024,10,16,Wednesday,42,Dinner,Paratha-Paneer,4.1,Sunny,25.9,False,False,False,False,False,False,800,496,63.84,190.96,154.15,36.81,19.28,87.05,16623.52,3204.67,10,84,4.31,2,0,0,-0.10116832198743204,-0.9948693233918952,-0.8660254037844386,0.5000000000000001,0.9749279121818236,-0.22252093395631434,536.0,36.08,527.0,36.56,504.0,28.28,527.0,463.0,93.95211546314377,415.7142857142857,101.86382132650486,413.7142857142857,86.49448943890393,536.0,238.0,0,0,0,0,0.0,0.0,41,493.16279069767444,94.51730258140397,0,0,1565,521.6666666666666,31.69329073482428,2024-42,428.2857142857143,0,0,1,410.0973154362416,85.90268456375838,20.946902437627344,470.6046511627907,25.395348837209326,-0.5976510067114127
2024-10-16,2024,10,16,Wednesday,42,Lunch,Rice-Sambar,3.6,Sunny,25.9,False,False,False,False,False,False,800,568,65.89,218.68,182.86,35.82,16.38,112.2,24536.98,4019.06,8,45,3.87,2,0,0,-0.10116832198743204,-0.9948693233918952,-0.8660254037844386,0.5000000000000001,0.9749279121818236,-0.22252093395631434,659.0,34.96,540.0,32.51,615.0,51.81,540.0,562.0,100.13490899781165,523.7142857142857,104.22046229941986,526.5,91.40674104075889,659.0,384.0,0,0,0,0,0.0,0.0,41,516.5348837209302,108.15494811506254,0,0,1565,521.6666666666666,36.29392971246006,2024-42,428.2857142857143,0,0,1,506.33557046979865,61.664429530201346,12.178569535019353,470.6046511627907,97.39534883720933,-0.5976510067114127
2024-10-17,2024,10,17,Thursday,42,Breakfast,Dosa,4.6,Sunny,20.5,False,False,False,False,False,False,800,597,63.2,229.84,183.1,46.75,20.34,98.86,22722.15,4621.17,12,66,4.43,3,0,0,-0.2993631229733582,-0.9541392564000488,-0.8660254037844386,0.5000000000000001,0.43388373911755823,-0.900968867902419,501.0,37.75,523.0,35.53,462.0,29.14,523.0,501.0,96.00000000000047,422.42857142857144,96.951632516524,423.2857142857143,82.48396447555376,597.0,324.0,0,0,0,0,0.0,0.0,41,496.3488372093023,101.6197121205963,1,0,1522,507.3333333333333,39.224704336399476,2024-42,428.2857142857143,0,0,1,400.19463087248323,196.80536912751677,49.17741367455433,502.8914728682171,94.10852713178292,-5.997651006711411
2024-10-17,2024,10,17,Thursday,42,Dinner,Rice-Curd-Pickle,3.2,Sunny,20.5,False,False,False,False,False,False,800,362,52.17,139.37,111.24,28.13,20.19,92.59,12904.58,2604.81,9,81,3.6,3,0,0,-0.2993631229733582,-0.9541392564000488,-0.8660254037844386,0.5000000000000001,0.43388373911755823,-0.900968867902419,496.0,36.81,449.0,36.54,381.0,29.94,449.0,464.6666666666667,91.13360156019968,403.2857142857143,102.43162644046079,412.35714285714283,87.1935134698032,536.0,238.0,0,0,0,0,0.0,0.0,41,405.6046511627907,82.89641830819832,0,1,1522,507.3333333333333,23.78449408672799,2024-42,428.2857142857143,0,0,1,410.0973154362416,-48.097315436241615,-11.728268785441335,502.8914728682171,-140.89147286821708,-5.997651006711411
2024-10-17,2024,10,17,Thursday,42,Lunch,Biryani,4.8,Sunny,20.5,False,False,False,False,False,False,800,563,79.25,216.75,177.32,39.43,18.19,94.74,20534.78,3735.89,10,68,4.79,3,0,0,-0.2993631229733582,-0.9541392564000488,-0.8660254037844386,0.5000000000000001,0.43388373911755823,-0.900968867902419,568.0,35.82,621.0,33.41,665.0,39.46,621.0,596.6666666666666,54.04010856145037,515.4285714285714,97.27085405001374,519.2142857142857,83.21628776538034,659.0,384.0,0,0,0,0,0.0,0.0,41,606.7209302325581,110.13462013143287,1,0,1522,507.3333333333333,36.990801576872535,2024-42,428.2857142857143,0,0,1,506.33557046979865,56.664429530201346,11.19108212714066,502.8914728682171,60.10852713178292,-5.997651006711411
2024-10-18,2024,10,18,Friday,42,Breakfast,Paratha-Curry,3.7,Cloudy,31.1,False,False,False,False,False,False,800,451,47.32,173.64,145.55,28.08,16.17,136.29,23664.04,3827.52,12,72,4.03,4,0,1,-0.4853019625310808,-0.8743466161445822,-0.8660254037844386,0.5000000000000001,-0.433883739117558,-0.9009688679024191,597.0,46.75,340.0,28.36,435.0,34.14,340.0,516.3333333333334,74.1979334842516,438.2857142857143,90.05500964357749,424.42857142857144,82.76910821511426,597.0,324.0,0,0,0,0,0.0,0.0,41,367.85714285714283,69.70270367033623,0,0,1503,501.0,30.00665335994677,2024-42,428.2857142857143,0,0,1,400.19463087248323,50.80536912751677,12.695165104227806,432.13492063492066,18.86507936507934,4.60234899328859
2024-10-18,2024,10,18,Friday,42,Dinner,Noodles,4.2,Cloudy,31.1,False,False,False,False,False,False,800,464,55.58,178.64,140.91,37.73,21.12,114.97,20538.57,4338.11,12,79,4.31,4,0,1,-0.4853019625310808,-0.8743466161445822,-0.8660254037844386,0.5000000000000001,-0.433883739117558,-0.9009688679024191,362.0,28.13,468.0,36.97,451.0,33.01,468.0,440.6666666666667,69.98094978873327,402.7142857142857,102.0207728614036,413.2857142857143,87.7044236858432,536.0,238.0,0,0,0,0,0.0,0.0,41,427.35714285714283,84.50424189917749,0,0,1503,501.0,30.871590153027277,2024-42,428.2857142857143,0,0,1,410.0973154362416,53.902684563758385,13.14387647390945,432.13492063492066,31.86507936507934,4.60234899328859
2024-10-18,2024,10,18,Friday,42,Lunch,Chole-Bhature,4.5,Cloudy,31.1,False,False,False,False,False,False,800,588,66.3,226.38,178.96,47.42,20.94,136.0,30788.27,6448.57,9,75,4.56,4,0,1,-0.4853019625310808,-0.8743466161445822,-0.8660254037844386,0.5000000000000001,-0.433883739117558,-0.9009688679024191,563.0,39.43,555.0,37.4,521.0,36.11,555.0,573.0,13.228756555323734,520.1428571428571,100.26203763377355,524.0,85.22910301065033,659.0,384.0,0,0,0,0,0.0,0.0,41,501.1904761904762,97.64825828507733,1,0,1503,501.0,39.12175648702595,2024-42,428.2857142857143,0,0,1,506.33557046979865,81.66442953020135,16.12851916653412,432.13492063492066,155.86507936507934,4.60234899328859
2024-10-19,2024,10,19,Saturday,42,Breakfast,Bread-Omelette,3.9,Cloudy,29.8,False,False,True,False,False,False,800,354,41.58,136.29,109.03,27.26,20.0,119.35,16266.17,3253.18,12,48,3.96,5,0,0,-0.651372482722222,-0.7587581226927911,-0.8660254037844386,0.5000000000000001,-0.9749279121818236,-0.2225209339563146,451.0,28.08,368.0,31.85,345.0,23.71,368.0,467.3333333333333,122.32061695942113,436.2857142857143,92.01035138453084,425.07142857142856,82.13728122498935,597.0,324.0,0,0,0,0,3.9,0.0,41,320.9761904761905,53.05978592771122,0,0,1176,392.0,30.102040816326532,2024-42,428.2857142857143,1,1,0,400.19463087248323,-46.19463087248323,-11.543041137701456,361.4761904761905,-7.476190476190482,3.3023489932885894
2024-10-19,2024,10,19,Saturday,42,Dinner,Roti-Paneer,4.0,Cloudy,29.8,False,False,True,False,False,False,800,371,45.38,142.84,111.62,31.21,21.85,132.12,18871.58,4123.78,10,68,4.01,5,0,0,-0.651372482722222,-0.7587581226927911,-0.8660254037844386,0.5000000000000001,-0.9749279121818236,-0.2225209339563146,464.0,37.73,366.0,27.5,373.0,27.8,366.0,399.0,56.47123161398054,403.42857142857144,101.73799215445064,413.14285714285717,87.77668968893286,536.0,238.0,0,0,0,0,4.0,0.0,83,468.32941176470587,145.08555671570826,0,0,1176,392.0,31.547619047619047,2024-42,428.2857142857143,1,1,0,410.0973154362416,-39.097315436241615,-9.533667733145677,361.4761904761905,9.523809523809518,3.3023489932885894
2024-10-19,2024,10,19,Saturday,42,Lunch,Fried Rice,4.2,Cloudy,29.8,False,False,True,False,False,False,800,451,53.3,173.64,145.07,28.56,16.45,84.2,14620.51,2405.02,10,75,4.37,5,0,0,-0.651372482722222,-0.7587581226927911,-0.8660254037844386,0.5000000000000001,-0.9749279121818236,-0.2225209339563146,588.0,47.42,420.0,22.14,431.0,31.72,420.0,534.0,72.95889253545477,524.5714285714286,95.68151535668954,525.4285714285714,83.70434625763247,659.0,384.0,0,0,0,0,4.2,0.0,41,414.14285714285717,69.65159687857265,0,0,1176,392.0,38.35034013605442,2024-42,428.2857142857143,1,1,0,506.33557046979865,-55.335570469798654,-10.928635809342028,361.4761904761905,89.52380952380952,3.3023489932885894
2024-10-20,2024,10,20,Sunday,42,Breakfast,Puri-Bhaji,4.3,Sunny,28.3,False,True,True,False,False,False,800,128,16.24,49.28,41.71,7.57,15.36,104.09,5129.55,788.08,11,52,4.22,6,0,0,-0.7907757369376986,-0.6121059825476627,-0.8660254037844386,0.5000000000000001,-0.7818314824680299,0.6234898018587334,354.0,27.26,324.0,19.86,322.0,23.69,324.0,311.0,165.7377446449664,408.2857142857143,145.91060537844677,411.2142857142857,111.85304821775941,597.0,128.0,0,1,0,0,4.3,0.0,41,316.2857142857143,54.82089939478339,1,0,390,130.0,32.82051282051282,2024-42,428.2857142857143,2,1,0,400.19463087248323,-272.19463087248323,-68.01556289724799,334.6984126984127,-206.6984126984127,1.8023489932885894
2024-10-20,2024,10,20,Sunday,42,Dinner,Khichdi,3.0,Sunny,28.3,False,True,True,False,False,False,800,105,13.5,40.43,33.22,7.21,17.83,148.56,6005.38,1070.9,10,67,3.3,6,0,0,-0.7907757369376986,-0.6121059825476627,-0.8660254037844386,0.5000000000000001,-0.7818314824680299,0.6234898018587334,371.0,31.21,238.0,15.13,292.0,22.09,238.0,313.3333333333333,186.31782881230956,384.42857142857144,142.16757382616845,399.7857142857143,116.99452884737711,536.0,105.0,0,1,0,0,3.0,0.0,41,265.14285714285717,46.54165269454953,0,1,390,130.0,26.923076923076923,2024-42,428.2857142857143,2,1,0,410.0973154362416,-305.0973154362416,-74.39632105655066,334.6984126984127,-229.6984126984127,1.8023489932885894
2024-10-20,2024,10,20,Sunday,42,Lunch,Rice-Chicken,4.7,Sunny,28.3,False,True,True,False,False,False,800,157,21.08,60.45,50.44,10.0,16.55,122.39,7397.88,1224.29,12,81,4.63,6,0,0,-0.7907757369376986,-0.6121059825476627,-0.8660254037844386,0.5000000000000001,-0.7818314824680299,0.6234898018587334,451.0,28.56,384.0,28.85,427.0,26.91,384.0,398.6666666666667,220.21428957570723,492.14285714285717,164.78109577196503,506.14285714285717,127.67980211502481,659.0,157.0,0,1,0,0,4.7,0.0,41,422.6666666666667,73.28350117670038,1,0,390,130.0,40.256410256410255,2024-42,428.2857142857143,2,1,0,506.33557046979865,-349.33557046979865,-68.99289539260909,334.6984126984127,-177.6984126984127,1.8023489932885894
2024-10-21,2024,10,21,Monday,43,Breakfast,Idli-Sambar,3.9,Sunny,22.9,False,True,False,False,False,False,800,179,22.68,68.92,58.11,10.81,15.68,111.29,7669.21,1202.85,8,69,4.06,0,1,0,-0.8978045395707417,-0.44039415155763423,-0.8660254037844386,0.5000000000000001,0.0,1.0,128.0,7.57,422.0,33.0,496.0,29.44,422.0,220.33333333333334,118.53410198475973,373.57142857142856,169.15856185135615,388.57142857142856,124.71550041577048,597.0,128.0,0,0,0,0,0.0,0.0,42,457.4418604651163,63.9487526687177,0,0,518,172.66666666666666,34.55598455598455,2024-43,192.16666666666666,1,1,0,400.19463087248323,-221.19463087248323,-55.271763739120225,459.8062015503876,-280.8062015503876,-3.5976510067114127
2024-10-21,2024,10,21,Monday,43,Dinner,Roti-Dal,3.3,Sunny,22.9,False,True,False,False,False,False,800,156,21.6,60.06,48.25,11.81,19.66,124.19,7458.8,1466.41,12,70,3.74,0,1,0,-0.8978045395707417,-0.44039415155763423,-0.8660254037844386,0.5000000000000001,0.0,1.0,105.0,7.21,357.0,25.08,392.0,29.03,357.0,210.66666666666666,141.1748325068353,355.7142857142857,166.7959974397011,382.92857142857144,133.97270921044634,536.0,105.0,0,0,0,0,0.0,0.0,42,427.6744186046512,62.5028460038621,0,0,518,172.66666666666666,30.115830115830118,2024-43,192.16666666666666,1,1,0,410.0973154362416,-254.09731543624162,-61.960248426875275,459.8062015503876,-303.8062015503876,-3.5976510067114127
2024-10-21,2024,10,21,Monday,43,Lunch,Rice-Dal-Sabzi,3.4,Sunny,22.9,False,True,False,False,False,False,800,183,24.99,70.45,57.41,13.04,18.51,146.96,10354.18,1916.7,9,85,3.79,0,1,0,-0.8978045395707417,-0.44039415155763423,-0.8660254037844386,0.5000000000000001,0.0,1.0,157.0,10.0,459.0,27.65,524.0,44.67,459.0,263.6666666666667,162.7554402572568,452.7142857142857,202.6924717280788,481.7857142857143,153.85416600015873,659.0,157.0,0,0,0,0,0.0,0.0,42,494.30232558139534,69.65374733833367,0,0,518,172.66666666666666,35.32818532818533,2024-43,192.16666666666666,1,1,0,506.33557046979865,-323.33557046979865,-63.8579608716399,459.8062015503876,-276.8062015503876,-3.5976510067114127
2024-10-22,2024,10,22,Tuesday,43,Breakfast,Poha,3.7,Sunny,28.5,False,True,False,False,False,False,800,201,22.71,77.39,60.94,16.45,21.25,95.98,7427.05,1578.59,10,86,3.77,1,0,0,-0.9680771188662041,-0.2506525322587213,-0.8660254037844386,0.5000000000000001,0.7818314824680298,0.6234898018587336,179.0,10.81,405.0,30.97,412.0,27.43,405.0,169.33333333333334,37.44774136491308,344.42857142857144,180.06281972583642,373.5,134.0652826051547,597.0,128.0,0,0,0,0,0.0,0.0,42,435.7906976744186,71.04142257113264,0,0,624,208.0,32.21153846153847,2024-43,192.16666666666666,1,1,0,400.19463087248323,-199.19463087248323,-49.77443861208472,506.13953488372096,-305.13953488372096,2.0023489932885887
2024-10-22,2024,10,22,Tuesday,43,Dinner,Rice-Rajma,3.8,Sunny,28.5,False,True,False,False,False,False,800,173,24.8,66.61,57.15,9.45,14.19,132.35,8815.35,1251.16,12,73,3.9,1,0,0,-0.9680771188662041,-0.2506525322587213,-0.8660254037844386,0.5000000000000001,0.7818314824680298,0.6234898018587336,156.0,11.81,536.0,36.08,466.0,27.99,536.0,144.66666666666666,35.388321990918676,303.85714285714283,157.57688977282234,362.0,142.60488717485762,496.0,105.0,0,0,0,0,0.0,0.0,42,498.04651162790697,86.12475820364762,0,0,624,208.0,27.724358974358974,2024-43,192.16666666666666,1,1,0,410.0973154362416,-237.09731543624162,-57.814890883650136,506.13953488372096,-333.13953488372096,2.0023489932885887
2024-10-22,2024,10,22,Tuesday,43,Lunch,Roti-Paneer,4.0,Sunny,28.5,False,True,False,False,False,False,800,250,29.17,96.25,76.72,19.53,20.3,125.13,12043.29,2444.27,10,73,4.2,1,0,0,-0.9680771188662041,-0.2506525322587213,-0.8660254037844386,0.5000000000000001,0.7818314824680298,0.6234898018587336,183.0,13.04,659.0,34.96,597.0,52.01,659.0,196.66666666666666,47.982635748086196,394.2857142857143,191.98412632794566,457.0,161.62016248932832,588.0,157.0,0,0,0,0,0.0,0.0,84,468.32941176470587,145.08555671570826,0,0,624,208.0,40.06410256410257,2024-43,192.16666666666666,1,1,0,506.33557046979865,-256.33557046979865,-50.625629606065424,506.13953488372096,-256.13953488372096,2.0023489932885887
2024-10-23,2024,10,23,Wednesday,43,Breakfast,Upma,3.5,Sunny,25.0,False,True,False,False,False,False,800,182,21.28,70.07,54.29,15.78,22.52,130.94,9175.25,2066.02,10,89,3.84,2,0,0,-0.9987165071710528,-0.05064916883871355,-0.8660254037844386,0.5000000000000001,0.9749279121818236,-0.22252093395631434,201.0,16.45,501.0,37.75,436.0,34.5,501.0,187.33333333333334,11.930353445452562,298.85714285714283,174.10095593402937,355.35714285714283,141.91362873937794,597.0,128.0,0,0,0,0,0.0,0.0,42,402.1162790697674,78.48482088680939,0,1,575,191.66666666666666,31.65217391304348,2024-43,192.16666666666666,1,1,0,400.19463087248323,-218.19463087248323,-54.52212849452448,470.6046511627907,-288.6046511627907,-1.4976510067114113
2024-10-23,2024,10,23,Wednesday,43,Dinner,Paratha-Paneer,4.1,Sunny,25.0,False,True,False,False,False,False,800,200,25.54,77.0,62.81,14.19,18.43,83.77,6450.12,1188.47,11,78,4.26,2,0,0,-0.9987165071710528,-0.05064916883871355,-0.8660254037844386,0.5000000000000001,0.9749279121818236,-0.22252093395631434,173.0,9.45,496.0,36.81,527.0,36.56,496.0,176.33333333333334,22.188585654181907,261.57142857142856,135.6058714840637,338.64285714285717,140.2610791690638,464.0,105.0,0,0,0,0,0.0,0.0,42,493.16279069767444,94.51730258140397,0,0,575,191.66666666666666,34.78260869565217,2024-43,192.16666666666666,1,1,0,410.0973154362416,-210.09731543624162,-51.23108772676317,470.6046511627907,-270.6046511627907,-1.4976510067114113
2024-10-23,2024,10,23,Wednesday,43,Lunch,Rice-Sambar,3.6,Sunny,25.0,False,True,False,False,False,False,800,193,26.36,74.31,58.84,15.47,20.81,107.79,8009.57,1667.03,8,49,3.99,2,0,0,-0.9987165071710528,-0.05064916883871355,-0.8660254037844386,0.5000000000000001,0.9749279121818236,-0.22252093395631434,250.0,19.53,568.0,35.82,540.0,32.51,568.0,208.66666666666666,36.143233576058385,340.7142857142857,187.70430139425287,432.2142857142857,174.04251406853624,588.0,157.0,0,0,0,0,0.0,0.0,42,516.5348837209302,108.15494811506254,0,0,575,191.66666666666666,33.565217391304344,2024-43,192.16666666666666,1,1,0,506.33557046979865,-313.33557046979865,-61.882986055882505,470.6046511627907,-277.6046511627907,-1.4976510067114113
2024-10-24,2024,10,24,Thursday,43,Breakfast,Dosa,4.6,Sunny,29.7,False,True,False,False,False,False,800,186,25.28,71.61,57.04,14.57,20.34,90.87,6507.14,1323.64,11,64,4.37,3,0,0,-0.9884683243281114,0.15142777750457667,-0.8660254037844386,0.5000000000000001,0.43388373911755823,-0.900968867902419,182.0,15.78,597.0,46.75,523.0,35.53,597.0,189.66666666666666,10.016652800882225,240.14285714285714,116.60678735452241,331.2857142857143,139.85675560341033,451.0,128.0,0,0,0,0,0.0,0.0,42,496.3488372093023,101.6197121205963,1,0,589,196.33333333333334,31.57894736842105,2024-43,192.16666666666666,1,1,0,400.19463087248323,-214.19463087248323,-53.52261483506348,502.8914728682171,-316.8914728682171,3.202348993288588
2024-10-24,2024,10,24,Thursday,43,Dinner,Rice-Curd-Pickle,3.2,Sunny,29.7,False,True,False,False,False,False,800,148,20.87,56.98,44.91,12.07,21.18,82.46,4698.62,994.99,10,65,3.68,3,0,0,-0.9884683243281114,0.15142777750457667,-0.8660254037844386,0.5000000000000001,0.43388373911755823,-0.900968867902419,200.0,14.19,362.0,28.13,449.0,36.54,362.0,173.66666666666666,26.006409466378955,231.0,133.29416091237212,317.14285714285717,145.03201616982986,464.0,105.0,0,0,0,0,0.0,0.0,42,405.6046511627907,82.89641830819832,0,1,589,196.33333333333334,25.127334465195243,2024-43,192.16666666666666,1,1,0,410.0973154362416,-262.0973154362416,-63.911004917804746,502.8914728682171,-354.8914728682171,3.202348993288588
2024-10-24,2024,10,24,Thursday,43,Lunch,Biryani,4.8,Sunny,29.7,False,True,False,False,False,False,800,255,31.7,98.18,82.45,15.73,16.02,111.02,10899.51,1746.31,9,53,4.65,3,0,0,-0.9884683243281114,0.15142777750457667,-0.8660254037844386,0.5000000000000001,0.43388373911755823,-0.900968867902419,193.0,15.47,563.0,39.43,621.0,33.41,563.0,232.66666666666666,34.443189941315026,296.7142857142857,161.13215516640716,406.07142857142856,170.96489261101067,588.0,157.0,0,0,0,0,0.0,0.0,42,606.7209302325581,110.13462013143287,1,0,589,196.33333333333334,43.2937181663837,2024-43,192.16666666666666,1,1,0,506.33557046979865,-251.33557046979865,-49.638142198186735,502.8914728682171,-247.89147286821708,3.202348993288588
