date,year,month,day,day_of_week,week_of_year,meal_type,menu_item,menu_popularity,weather,temperature_c,is_exam_period,is_festival,is_weekend,is_start_semester,is_end_semester,is_monsoon,total_capacity,students_attended,attendance_rate,food_prepared_kg,food_consumed_kg,food_wasted_kg,waste_percentage,cost_per_kg_rs,total_cost_rs,waste_cost_rs,staff_count,serving_duration_mins,student_satisfaction
2024-01-01,2024,1,1,Monday,1,Breakfast,Idli-Sambar,3.9,Cloudy,29.5,False,False,False,True,False,False,800,425,53.86,163.62,126.81,36.82,22.5,99.25,16240.12,3654.01,9,53,4.11
2024-01-01,2024,1,1,Monday,1,Lunch,Rice-Dal-Sabzi,3.4,Cloudy,29.5,False,False,False,True,False,False,800,498,59.35,191.73,159.95,31.78,16.58,142.45,27312.43,4527.16,8,82,3.62
2024-01-01,2024,1,1,Monday,1,Dinner,Roti-Dal,3.3,Cloudy,29.5,False,False,False,True,False,False,800,459,51.3,176.72,137.03,39.68,22.46,95.3,16841.76,3782.05,12,83,3.37
2024-01-02,2024,1,2,Tuesday,1,Breakfast,Poha,3.7,Sunny,27.3,False,False,False,True,False,False,800,422,53.94,162.47,135.14,27.33,16.82,118.15,19195.16,3228.48,9,73,3.91
2024-01-02,2024,1,2,Tuesday,1,Lunch,Roti-Paneer,4.0,Sunny,27.3,False,False,False,True,False,False,800,623,69.28,239.85,202.99,36.86,15.37,80.45,19297.51,2965.8,9,89,4.04
2024-01-02,2024,1,2,Tuesday,1,Dinner,Rice-Rajma,3.8,Sunny,27.3,False,False,False,True,False,False,800,499,58.91,192.11,153.31,38.81,20.2,95.07,18264.75,3689.69,10,51,3.75
2024-01-03,2024,1,3,Wednesday,1,Breakfast,Upma,3.5,Sunny,26.6,False,False,False,True,False,False,800,421,50.54,162.09,137.74,24.35,15.02,122.26,19816.65,2977.01,8,74,3.74
2024-01-03,2024,1,3,Wednesday,1,Lunch,Rice-Sambar,3.6,Sunny,26.6,False,False,False,True,False,False,800,481,62.6,185.19,159.48,25.71,13.88,106.5,19721.72,2737.53,12,63,3.94
2024-01-03,2024,1,3,Wednesday,1,Dinner,Paratha-Paneer,4.1,Sunny,26.6,False,False,False,True,False,False,800,466,60.65,179.41,148.72,30.69,17.1,140.32,25174.72,4305.98,12,57,4.24
2024-01-04,2024,1,4,Thursday,1,Breakfast,Dosa,4.6,Sunny,28.7,False,False,False,True,False,False,800,406,60.04,156.31,124.02,32.29,20.66,100.26,15671.2,3236.96,8,59,4.66
2024-01-04,2024,1,4,Thursday,1,Lunch,Biryani,4.8,Sunny,28.7,False,False,False,True,False,False,800,518,75.29,199.43,161.0,38.43,19.27,111.74,22284.05,4294.49,10,55,4.58
2024-01-04,2024,1,4,Thursday,1,Dinner,Rice-Curd-Pickle,3.2,Sunny,28.7,False,False,False,True,False,False,800,378,49.56,145.53,115.23,30.3,20.82,98.69,14362.13,2990.58,8,83,3.58
2024-01-05,2024,1,5,Friday,1,Breakfast,Paratha-Curry,3.7,Sunny,25.0,False,False,False,True,False,False,800,368,44.95,141.68,112.63,29.05,20.5,112.36,15918.91,3263.65,10,85,3.95
2024-01-05,2024,1,5,Friday,1,Lunch,Chole-Bhature,4.5,Sunny,25.0,False,False,False,True,False,False,800,466,62.98,179.41,142.22,37.19,20.73,102.7,18425.37,3819.72,8,59,4.57
2024-01-05,2024,1,5,Friday,1,Dinner,Noodles,4.2,Sunny,25.0,False,False,False,True,False,False,800,374,52.8,143.99,121.8,22.19,15.41,108.08,15562.66,2398.0,8,58,4.4
2024-01-06,2024,1,6,Saturday,1,Breakfast,Bread-Omelette,3.9,Sunny,32.4,False,False,True,True,False,False,800,310,39.5,119.35,100.01,19.34,16.2,94.88,11324.39,1834.64,11,70,4.18
2024-01-06,2024,1,6,Saturday,1,Lunch,Fried Rice,4.2,Sunny,32.4,False,False,True,True,False,False,800,407,50.63,156.69,130.24,26.46,16.88,90.0,14102.71,2380.98,9,60,4.33
2024-01-06,2024,1,6,Saturday,1,Dinner,Roti-Paneer,4.0,Sunny,32.4,False,False,True,True,False,False,800,304,43.11,117.04,96.17,20.87,17.83,132.29,15483.33,2760.29,11,82,4.03
2024-01-07,2024,1,7,Sunday,1,Breakfast,Puri-Bhaji,4.3,Sunny,26.4,False,False,True,True,False,False,800,310,38.57,119.35,103.05,16.3,13.66,115.67,13804.84,1885.57,8,48,4.45
2024-01-07,2024,1,7,Sunday,1,Lunch,Rice-Chicken,4.7,Sunny,26.4,False,False,True,True,False,False,800,363,50.07,139.75,109.93,29.82,21.34,91.2,12745.48,2719.61,11,83,4.37
2024-01-07,2024,1,7,Sunday,1,Dinner,Khichdi,3.0,Sunny,26.4,False,False,True,True,False,False,800,263,32.06,101.26,81.76,19.5,19.26,149.73,15160.76,2919.66,12,61,3.59
2024-01-08,2024,1,8,Monday,2,Breakfast,Idli-Sambar,3.9,Cloudy,26.2,False,False,False,True,False,False,800,419,53.86,161.31,124.82,36.49,22.62,130.45,21043.63,4760.68,12,62,4.13
2024-01-08,2024,1,8,Monday,2,Lunch,Rice-Dal-Sabzi,3.4,Cloudy,26.2,False,False,False,True,False,False,800,451,59.35,173.64,139.54,34.09,19.63,100.55,17458.13,3427.86,9,74,3.43
2024-01-08,2024,1,8,Monday,2,Dinner,Roti-Dal,3.3,Cloudy,26.2,False,False,False,True,False,False,800,470,51.3,180.95,151.7,29.25,16.16,130.38,23591.84,3813.1,12,56,3.59
2024-01-09,2024,1,9,Tuesday,2,Breakfast,Poha,3.7,Sunny,28.0,False,False,False,True,False,False,800,394,53.94,151.69,125.84,25.85,17.04,138.92,21072.3,3591.29,12,83,3.73
2024-01-09,2024,1,9,Tuesday,2,Lunch,Roti-Paneer,4.0,Sunny,28.0,False,False,False,True,False,False,800,590,69.28,227.15,183.25,43.9,19.33,91.31,20740.71,4008.78,12,45,4.12
2024-01-09,2024,1,9,Tuesday,2,Dinner,Rice-Rajma,3.8,Sunny,28.0,False,False,False,True,False,False,800,424,58.91,163.24,133.39,29.85,18.29,87.83,14337.49,2621.67,10,64,3.82
2024-01-10,2024,1,10,Wednesday,2,Breakfast,Upma,3.5,Sunny,28.6,False,False,False,True,False,False,800,340,50.54,130.9,107.9,23.0,17.57,85.51,11193.65,1966.67,11,49,3.94
2024-01-10,2024,1,10,Wednesday,2,Lunch,Rice-Sambar,3.6,Sunny,28.6,False,False,False,True,False,False,800,446,62.6,171.71,141.0,30.71,17.88,88.8,15248.4,2727.1,11,80,3.64
2024-01-10,2024,1,10,Wednesday,2,Dinner,Paratha-Paneer,4.1,Sunny,28.6,False,False,False,True,False,False,800,492,60.65,189.42,155.46,33.96,17.93,122.46,23196.67,4159.22,9,79,4.26
2024-01-11,2024,1,11,Thursday,2,Breakfast,Dosa,4.6,Cloudy,30.2,False,False,False,True,False,False,800,486,60.04,187.11,156.71,30.4,16.25,107.93,20194.68,3280.81,10,73,4.67
2024-01-11,2024,1,11,Thursday,2,Lunch,Biryani,4.8,Cloudy,30.2,False,False,False,True,False,False,800,596,75.29,229.46,186.73,42.73,18.62,97.35,22338.71,4160.11,8,66,4.42
2024-01-11,2024,1,11,Thursday,2,Dinner,Rice-Curd-Pickle,3.2,Cloudy,30.2,False,False,False,True,False,False,800,386,49.56,148.61,122.32,26.29,17.69,121.19,18010.17,3186.29,8,49,3.61
2024-01-12,2024,1,12,Friday,2,Breakfast,Paratha-Curry,3.7,Sunny,23.6,False,False,False,True,False,False,800,338,44.95,130.13,101.35,28.78,22.11,82.2,10696.54,2365.49,10,49,3.87
2024-01-12,2024,1,12,Friday,2,Lunch,Chole-Bhature,4.5,Sunny,23.6,False,False,False,True,False,False,800,484,62.98,186.34,148.71,37.63,20.2,113.98,21238.85,4289.33,12,53,4.53
2024-01-12,2024,1,12,Friday,2,Dinner,Noodles,4.2,Sunny,23.6,False,False,False,True,False,False,800,457,52.8,175.94,150.07,25.87,14.71,120.33,21172.31,3113.52,9,75,4.35
2024-01-13,2024,1,13,Saturday,2,Breakfast,Bread-Omelette,3.9,Sunny,29.0,False,False,True,True,False,False,800,271,39.5,104.34,81.54,22.79,21.85,110.17,11494.96,2511.2,11,71,3.99
2024-01-13,2024,1,13,Saturday,2,Lunch,Fried Rice,4.2,Sunny,29.0,False,False,True,True,False,False,800,415,50.63,159.78,134.05,25.72,16.1,127.14,20313.08,3270.27,8,48,4.17
2024-01-13,2024,1,13,Saturday,2,Dinner,Roti-Paneer,4.0,Sunny,29.0,False,False,True,True,False,False,800,333,43.11,128.21,103.02,25.18,19.64,140.32,17989.35,3533.59,9,57,3.94
2024-01-14,2024,1,14,Sunday,2,Breakfast,Puri-Bhaji,4.3,Sunny,26.0,False,False,True,True,False,False,800,323,38.57,124.36,100.86,23.49,18.89,99.5,12373.09,2337.52,9,49,4.26
2024-01-14,2024,1,14,Sunday,2,Lunch,Rice-Chicken,4.7,Sunny,26.0,False,False,True,True,False,False,800,432,50.07,166.32,141.54,24.78,14.9,118.52,19712.71,2936.57,8,86,4.79
2024-01-14,2024,1,14,Sunday,2,Dinner,Khichdi,3.0,Sunny,26.0,False,False,True,True,False,False,800,275,32.06,105.88,89.86,16.02,15.13,147.83,15651.47,2367.6,9,55,3.33
2024-01-15,2024,1,15,Monday,3,Breakfast,Idli-Sambar,3.9,Sunny,25.5,False,False,False,False,False,False,800,441,56.7,169.78,144.54,25.24,14.87,143.17,24308.29,3613.87,9,69,3.78
2024-01-15,2024,1,15,Monday,3,Lunch,Rice-Dal-Sabzi,3.4,Sunny,25.5,False,False,False,False,False,False,800,512,62.47,197.12,159.32,37.8,19.18,144.86,28554.07,5476.09,11,63,3.62
2024-01-15,2024,1,15,Monday,3,Dinner,Roti-Dal,3.3,Sunny,25.5,False,False,False,False,False,False,800,465,54.0,179.03,153.92,25.11,14.02,149.68,26796.39,3758.03,12,87,3.68
2024-01-16,2024,1,16,Tuesday,3,Breakfast,Poha,3.7,Sunny,26.6,False,False,False,False,False,False,800,447,56.78,172.09,137.62,34.47,20.03,147.81,25437.3,5095.07,12,79,3.67
2024-01-16,2024,1,16,Tuesday,3,Lunch,Roti-Paneer,4.0,Sunny,26.6,False,False,False,False,False,False,800,531,72.93,204.44,163.8,40.63,19.88,83.51,17072.36,3393.36,11,77,4.26
2024-01-16,2024,1,16,Tuesday,3,Dinner,Rice-Rajma,3.8,Sunny,26.6,False,False,False,False,False,False,800,448,62.01,172.48,141.61,30.87,17.9,83.98,14485.14,2592.67,12,50,4.09
2024-01-17,2024,1,17,Wednesday,3,Breakfast,Upma,3.5,Sunny,30.4,False,False,False,False,False,False,800,471,53.2,181.34,141.24,40.09,22.11,140.33,25446.26,5626.03,11,52,3.92
2024-01-17,2024,1,17,Wednesday,3,Lunch,Rice-Sambar,3.6,Sunny,30.4,False,False,False,False,False,False,800,523,65.89,201.35,166.02,35.33,17.55,120.52,24268.18,4258.68,8,84,3.61
2024-01-17,2024,1,17,Wednesday,3,Dinner,Paratha-Paneer,4.1,Sunny,30.4,False,False,False,False,False,False,800,550,63.84,211.75,176.28,35.47,16.75,119.57,25318.08,4241.07,10,61,4.01
2024-01-18,2024,1,18,Thursday,3,Breakfast,Dosa,4.6,Cloudy,29.1,False,False,False,False,False,False,800,478,63.2,184.03,146.2,37.83,20.56,107.71,19820.95,4074.67,10,74,4.41
2024-01-18,2024,1,18,Thursday,3,Lunch,Biryani,4.8,Cloudy,29.1,False,False,False,False,False,False,800,652,79.25,251.02,211.13,39.89,15.89,85.08,21356.28,3393.97,11,84,4.86
2024-01-18,2024,1,18,Thursday,3,Dinner,Rice-Curd-Pickle,3.2,Cloudy,29.1,False,False,False,False,False,False,800,468,52.17,180.18,155.55,24.63,13.67,85.13,15338.41,2097.04,9,77,3.41
2024-01-19,2024,1,19,Friday,3,Breakfast,Paratha-Curry,3.7,Rainy,27.9,False,False,False,False,False,False,800,468,52.05,180.18,153.66,26.52,14.72,141.55,25504.28,3754.08,10,63,3.71
2024-01-19,2024,1,19,Friday,3,Lunch,Chole-Bhature,4.5,Rainy,27.9,False,False,False,False,False,False,800,460,72.93,177.1,150.27,26.83,15.15,129.25,22889.78,3467.29,12,86,4.44
2024-01-19,2024,1,19,Friday,3,Dinner,Noodles,4.2,Rainy,27.9,False,False,False,False,False,False,800,521,61.13,200.59,167.18,33.41,16.66,118.82,23833.94,3969.73,8,53,4.11
2024-01-20,2024,1,20,Saturday,3,Breakfast,Bread-Omelette,3.9,Cloudy,28.3,False,False,True,False,False,False,800,324,41.58,124.74,104.81,19.93,15.98,90.88,11336.54,1811.36,10,83,3.87
2024-01-20,2024,1,20,Saturday,3,Lunch,Fried Rice,4.2,Cloudy,28.3,False,False,True,False,False,False,800,429,53.3,165.16,132.78,32.39,19.61,128.12,21161.73,4149.85,10,77,4.21
2024-01-20,2024,1,20,Saturday,3,Dinner,Roti-Paneer,4.0,Cloudy,28.3,False,False,True,False,False,False,800,305,45.38,117.43,100.4,17.02,14.5,139.23,16348.76,2370.07,8,85,4.04
2024-01-21,2024,1,21,Sunday,3,Breakfast,Puri-Bhaji,4.3,Sunny,27.3,False,False,True,False,False,False,800,333,40.6,128.21,99.11,29.1,22.7,133.98,17176.69,3898.26,10,55,4.39
2024-01-21,2024,1,21,Sunday,3,Lunch,Rice-Chicken,4.7,Sunny,27.3,False,False,True,False,False,False,800,470,52.7,180.95,148.9,32.05,17.71,109.94,19893.3,3523.5,8,52,4.37
2024-01-21,2024,1,21,Sunday,3,Dinner,Khichdi,3.0,Sunny,27.3,False,False,True,False,False,False,800,258,33.75,99.33,84.73,14.6,14.7,143.28,14231.51,2091.89,12,47,3.53
2024-01-22,2024,1,22,Monday,4,Breakfast,Idli-Sambar,3.9,Sunny,25.6,False,False,False,False,False,False,800,434,56.7,167.09,131.36,35.73,21.38,88.92,14857.84,3176.75,10,68,4.18
2024-01-22,2024,1,22,Monday,4,Lunch,Rice-Dal-Sabzi,3.4,Sunny,25.6,False,False,False,False,False,False,800,535,62.47,205.98,174.07,31.91,15.49,140.25,28887.83,4474.67,10,58,3.74
2024-01-22,2024,1,22,Monday,4,Dinner,Roti-Dal,3.3,Sunny,25.6,False,False,False,False,False,False,800,443,54.0,170.56,142.13,28.42,16.66,104.76,17866.92,2977.39,12,71,3.8
2024-01-23,2024,1,23,Tuesday,4,Breakfast,Poha,3.7,Cloudy,26.4,False,False,False,False,False,False,800,472,56.78,181.72,155.71,26.01,14.31,96.57,17548.99,2511.48,9,56,4.04
2024-01-23,2024,1,23,Tuesday,4,Lunch,Roti-Paneer,4.0,Cloudy,26.4,False,False,False,False,False,False,800,587,72.93,226.0,175.14,50.85,22.5,131.56,29731.79,6690.23,10,71,4.21
2024-01-23,2024,1,23,Tuesday,4,Dinner,Rice-Rajma,3.8,Cloudy,26.4,False,False,False,False,False,False,800,534,62.01,205.59,175.01,30.58,14.87,136.75,28114.94,4181.29,10,55,4.06
2024-01-24,2024,1,24,Wednesday,4,Breakfast,Upma,3.5,Sunny,25.9,False,False,False,False,False,False,800,413,53.2,159.0,135.47,23.53,14.8,140.1,22276.84,3296.64,9,57,3.87
2024-01-24,2024,1,24,Wednesday,4,Lunch,Rice-Sambar,3.6,Sunny,25.9,False,False,False,False,False,False,800,510,65.89,196.35,159.94,36.41,18.54,101.36,19902.7,3690.5,9,59,3.58
2024-01-24,2024,1,24,Wednesday,4,Dinner,Paratha-Paneer,4.1,Sunny,25.9,False,False,False,False,False,False,800,450,63.84,173.25,136.92,36.33,20.97,102.98,17841.0,3741.53,8,62,4.08
2024-01-25,2024,1,25,Thursday,4,Breakfast,Dosa,4.6,Sunny,28.9,False,False,False,False,False,False,800,515,63.2,198.28,165.46,32.81,16.55,139.06,27571.38,4563.02,10,46,4.32
2024-01-25,2024,1,25,Thursday,4,Lunch,Biryani,4.8,Sunny,28.9,False,False,False,False,False,False,800,634,79.25,244.09,210.15,33.94,13.91,92.5,22578.26,3139.61,10,47,4.46
2024-01-25,2024,1,25,Thursday,4,Dinner,Rice-Curd-Pickle,3.2,Sunny,28.9,False,False,False,False,False,False,800,409,52.17,157.46,127.9,29.57,18.78,131.0,20627.62,3873.19,10,72,3.56
2024-01-26,2024,1,26,Friday,4,Breakfast,Paratha-Curry,3.7,Sunny,23.8,False,True,False,False,False,False,800,145,18.93,55.83,45.09,10.73,19.23,120.36,6719.16,1291.79,10,47,3.96
2024-01-26,2024,1,26,Friday,4,Lunch,Chole-Bhature,4.5,Sunny,23.8,False,True,False,False,False,False,800,206,26.52,79.31,61.3,18.01,22.71,144.79,11483.32,2608.08,12,88,4.52
2024-01-26,2024,1,26,Friday,4,Dinner,Noodles,4.2,Sunny,23.8,False,True,False,False,False,False,800,165,22.23,63.52,53.37,10.15,15.98,126.94,8064.12,1288.83,10,72,4.02
2024-01-27,2024,1,27,Saturday,4,Breakfast,Bread-Omelette,3.9,Cloudy,27.5,False,False,True,False,False,False,800,342,41.58,131.67,105.7,25.97,19.73,101.97,13426.93,2648.52,8,64,4.01
2024-01-27,2024,1,27,Saturday,4,Lunch,Fried Rice,4.2,Cloudy,27.5,False,False,True,False,False,False,800,490,53.3,188.65,157.21,31.44,16.66,102.83,19399.41,3232.84,10,80,4.05
2024-01-27,2024,1,27,Saturday,4,Dinner,Roti-Paneer,4.0,Cloudy,27.5,False,False,True,False,False,False,800,368,45.38,141.68,114.9,26.78,18.91,145.83,20660.55,3905.88,9,84,4.11
2024-01-28,2024,1,28,Sunday,4,Breakfast,Puri-Bhaji,4.3,Sunny,28.8,False,False,True,False,False,False,800,322,40.6,123.97,105.19,18.78,15.15,101.27,12554.6,1901.76,9,72,4.41
2024-01-28,2024,1,28,Sunday,4,Lunch,Rice-Chicken,4.7,Sunny,28.8,False,False,True,False,False,False,800,356,52.7,137.06,113.47,23.59,17.21,102.56,14056.52,2419.43,11,73,4.64
2024-01-28,2024,1,28,Sunday,4,Dinner,Khichdi,3.0,Sunny,28.8,False,False,True,False,False,False,800,269,33.75,103.56,84.84,18.72,18.08,135.56,14039.42,2538.36,9,87,3.19
2024-01-29,2024,1,29,Monday,5,Breakfast,Idli-Sambar,3.9,Sunny,28.2,False,False,False,False,False,False,800,542,56.7,208.67,173.25,35.42,16.97,103.46,21589.66,3664.47,9,88,3.92
2024-01-29,2024,1,29,Monday,5,Lunch,Rice-Dal-Sabzi,3.4,Sunny,28.2,False,False,False,False,False,False,800,491,62.47,189.03,159.93,29.1,15.39,90.31,17072.65,2628.32,8,60,3.87
2024-01-29,2024,1,29,Monday,5,Dinner,Roti-Dal,3.3,Sunny,28.2,False,False,False,False,False,False,800,442,54.0,170.17,140.95,29.22,17.17,133.79,22767.77,3909.28,11,71,3.76
2024-01-30,2024,1,30,Tuesday,5,Breakfast,Poha,3.7,Sunny,27.9,False,False,False,False,False,False,800,411,56.78,158.24,132.61,25.63,16.2,106.88,16911.92,2739.2,11,60,3.71
2024-01-30,2024,1,30,Tuesday,5,Lunch,Roti-Paneer,4.0,Sunny,27.9,False,False,False,False,False,False,800,636,72.93,244.86,204.52,40.34,16.48,142.49,34889.17,5748.4,8,72,3.95
2024-01-30,2024,1,30,Tuesday,5,Dinner,Rice-Rajma,3.8,Sunny,27.9,False,False,False,False,False,False,800,525,62.01,202.13,170.96,31.16,15.42,128.71,26016.28,4010.98,11,48,3.96
2024-01-31,2024,1,31,Wednesday,5,Breakfast,Upma,3.5,Rainy,30.4,False,False,False,False,False,False,800,433,58.52,166.7,130.66,36.05,21.62,89.33,14892.38,3220.33,11,87,3.74
2024-01-31,2024,1,31,Wednesday,5,Lunch,Rice-Sambar,3.6,Rainy,30.4,False,False,False,False,False,False,800,643,72.48,247.56,203.87,43.68,17.65,102.21,25302.81,4464.97,11,84,3.94
2024-01-31,2024,1,31,Wednesday,5,Dinner,Paratha-Paneer,4.1,Rainy,30.4,False,False,False,False,False,False,800,498,70.22,191.73,163.7,28.03,14.62,109.87,21065.73,3079.39,12,73,4.32
2024-02-01,2024,2,1,Thursday,5,Breakfast,Dosa,4.6,Cloudy,29.8,False,False,False,False,False,False,800,593,63.2,228.31,186.27,42.04,18.41,98.14,22406.63,4125.52,9,85,4.39
2024-02-01,2024,2,1,Thursday,5,Lunch,Biryani,4.8,Cloudy,29.8,False,False,False,False,False,False,800,583,79.25,224.46,189.31,35.14,15.66,113.92,25570.32,4003.67,9,62,4.61
2024-02-01,2024,2,1,Thursday,5,Dinner,Rice-Curd-Pickle,3.2,Cloudy,29.8,False,False,False,False,False,False,800,398,52.17,153.23,128.34,24.89,16.24,96.41,14773.6,2399.31,10,65,3.69
2024-02-02,2024,2,2,Friday,5,Breakfast,Paratha-Curry,3.7,Sunny,28.3,False,False,False,False,False,False,800,362,47.32,139.37,109.61,29.76,21.36,106.81,14886.45,3179.16,9,90,3.74
2024-02-02,2024,2,2,Friday,5,Lunch,Chole-Bhature,4.5,Sunny,28.3,False,False,False,False,False,False,800,464,66.3,178.64,144.78,33.86,18.96,103.16,18428.81,3493.32,11,71,4.23
2024-02-02,2024,2,2,Friday,5,Dinner,Noodles,4.2,Sunny,28.3,False,False,False,False,False,False,800,446,55.58,171.71,145.69,26.02,15.16,107.26,18418.19,2791.38,12,89,4.0
2024-02-03,2024,2,3,Saturday,5,Breakfast,Bread-Omelette,3.9,Cloudy,24.8,False,False,True,False,False,False,800,344,41.58,132.44,109.27,23.17,17.49,113.39,15017.18,2627.06,10,64,4.12
2024-02-03,2024,2,3,Saturday,5,Lunch,Fried Rice,4.2,Cloudy,24.8,False,False,True,False,False,False,800,394,53.3,151.69,128.98,22.71,14.97,146.74,22259.01,3331.87,11,79,4.33
2024-02-03,2024,2,3,Saturday,5,Dinner,Roti-Paneer,4.0,Cloudy,24.8,False,False,True,False,False,False,800,408,45.38,157.08,129.18,27.9,17.76,122.23,19199.52,3410.3,9,76,3.95
2024-02-04,2024,2,4,Sunday,5,Breakfast,Puri-Bhaji,4.3,Sunny,25.7,False,False,True,False,False,False,800,315,40.6,121.28,94.03,27.24,22.46,103.53,12555.49,2820.39,11,55,4.44
2024-02-04,2024,2,4,Sunday,5,Lunch,Rice-Chicken,4.7,Sunny,25.7,False,False,True,False,False,False,800,448,52.7,172.48,147.7,24.78,14.37,148.65,25639.24,3683.8,12,46,4.75
2024-02-04,2024,2,4,Sunday,5,Dinner,Khichdi,3.0,Sunny,25.7,False,False,True,False,False,False,800,243,33.75,93.56,77.33,16.23,17.35,126.41,11826.29,2051.44,8,86,3.34
2024-02-05,2024,2,5,Monday,6,Breakfast,Idli-Sambar,3.9,Cloudy,28.7,False,False,False,False,False,False,800,500,56.7,192.5,151.93,40.57,21.08,98.21,18905.61,3984.39,10,58,3.98
2024-02-05,2024,2,5,Monday,6,Lunch,Rice-Dal-Sabzi,3.4,Cloudy,28.7,False,False,False,False,False,False,800,434,62.47,167.09,134.24,32.85,19.66,141.57,23655.73,4650.5,10,71,3.54
2024-02-05,2024,2,5,Monday,6,Dinner,Roti-Dal,3.3,Cloudy,28.7,False,False,False,False,False,False,800,438,54.0,168.63,131.56,37.07,21.98,81.36,13719.2,3015.85,12,48,3.81
2024-02-06,2024,2,6,Tuesday,6,Breakfast,Poha,3.7,Sunny,28.8,False,False,False,False,False,False,800,482,56.78,185.57,154.36,31.21,16.82,134.69,24993.74,4203.17,8,46,4.07
2024-02-06,2024,2,6,Tuesday,6,Lunch,Roti-Paneer,4.0,Sunny,28.8,False,False,False,False,False,False,800,525,72.93,202.13,159.85,42.27,20.91,81.43,16458.35,3442.25,9,60,3.91
2024-02-06,2024,2,6,Tuesday,6,Dinner,Rice-Rajma,3.8,Sunny,28.8,False,False,False,False,False,False,800,443,62.01,170.56,142.17,28.38,16.64,119.48,20377.55,3391.09,9,74,4.02
2024-02-07,2024,2,7,Wednesday,6,Breakfast,Upma,3.5,Cloudy,29.6,False,False,False,False,False,False,800,435,53.2,167.48,131.97,35.51,21.2,122.51,20516.91,4349.98,8,55,3.93
2024-02-07,2024,2,7,Wednesday,6,Lunch,Rice-Sambar,3.6,Cloudy,29.6,False,False,False,False,False,False,800,537,65.89,206.75,161.79,44.96,21.74,81.8,16911.22,3677.27,10,81,3.87
2024-02-07,2024,2,7,Wednesday,6,Dinner,Paratha-Paneer,4.1,Cloudy,29.6,False,False,False,False,False,False,800,524,63.84,201.74,173.46,28.28,14.02,107.77,21740.67,3047.31,9,49,4.19
2024-02-08,2024,2,8,Thursday,6,Breakfast,Dosa,4.6,Cloudy,26.0,False,False,False,False,False,False,800,514,63.2,197.89,157.28,40.61,20.52,128.8,25488.93,5230.21,10,88,4.54
2024-02-08,2024,2,8,Thursday,6,Lunch,Biryani,4.8,Cloudy,26.0,False,False,False,False,False,False,800,648,79.25,249.48,195.53,53.95,21.63,148.87,37139.86,8032.15,8,67,4.65
2024-02-08,2024,2,8,Thursday,6,Dinner,Rice-Curd-Pickle,3.2,Cloudy,26.0,False,False,False,False,False,False,800,393,52.17,151.31,126.02,25.29,16.71,84.83,12834.74,2145.13,10,45,3.67
2024-02-09,2024,2,9,Friday,6,Breakfast,Paratha-Curry,3.7,Cloudy,33.6,False,False,False,False,False,False,800,392,47.32,150.92,118.07,32.85,21.77,147.26,22223.74,4837.63,11,90,3.71
2024-02-09,2024,2,9,Friday,6,Lunch,Chole-Bhature,4.5,Cloudy,33.6,False,False,False,False,False,False,800,479,66.3,184.41,145.46,38.96,21.13,116.52,21488.45,4539.66,10,84,4.56
2024-02-09,2024,2,9,Friday,6,Dinner,Noodles,4.2,Cloudy,33.6,False,False,False,False,False,False,800,467,55.58,179.8,147.73,32.07,17.83,113.84,20468.73,3650.56,11,82,4.11
2024-02-10,2024,2,10,Saturday,6,Breakfast,Bread-Omelette,3.9,Cloudy,25.1,False,False,True,False,False,False,800,352,41.58,135.52,114.95,20.57,15.18,86.07,11663.72,1769.99,11,60,4.12
2024-02-10,2024,2,10,Saturday,6,Lunch,Fried Rice,4.2,Cloudy,25.1,False,False,True,False,False,False,800,465,53.3,179.03,147.61,31.41,17.55,126.77,22695.57,3982.35,10,46,4.21
2024-02-10,2024,2,10,Saturday,6,Dinner,Roti-Paneer,4.0,Cloudy,25.1,False,False,True,False,False,False,800,339,45.38,130.52,104.71,25.81,19.77,114.13,14895.48,2945.22,10,61,4.0
2024-02-11,2024,2,11,Sunday,6,Breakfast,Puri-Bhaji,4.3,Cloudy,30.9,False,False,True,False,False,False,800,334,40.6,128.59,107.56,21.03,16.35,99.34,12773.98,2088.91,8,78,4.49
2024-02-11,2024,2,11,Sunday,6,Lunch,Rice-Chicken,4.7,Cloudy,30.9,False,False,True,False,False,False,800,448,52.7,172.48,134.62,37.86,21.95,130.41,22492.29,4936.83,11,80,4.68
2024-02-11,2024,2,11,Sunday,6,Dinner,Khichdi,3.0,Cloudy,30.9,False,False,True,False,False,False,800,310,33.75,119.35,99.72,19.63,16.45,125.21,14944.2,2458.17,11,73,3.51
2024-02-12,2024,2,12,Monday,7,Breakfast,Idli-Sambar,3.9,Sunny,27.3,False,False,False,False,False,False,800,425,56.7,163.62,129.73,33.89,20.71,128.43,21013.56,4352.49,10,87,4.04
2024-02-12,2024,2,12,Monday,7,Lunch,Rice-Dal-Sabzi,3.4,Sunny,27.3,False,False,False,False,False,False,800,463,62.47,178.25,145.41,32.84,18.42,117.16,20885.16,3848.07,11,80,3.58
2024-02-12,2024,2,12,Monday,7,Dinner,Roti-Dal,3.3,Sunny,27.3,False,False,False,False,False,False,800,403,54.0,155.16,129.81,25.35,16.34,98.96,15354.78,2508.62,10,59,3.41
2024-02-13,2024,2,13,Tuesday,7,Breakfast,Poha,3.7,Sunny,27.8,False,False,False,False,False,False,800,466,56.78,179.41,140.58,38.83,21.64,117.51,21082.55,4562.35,9,57,3.74
2024-02-13,2024,2,13,Tuesday,7,Lunch,Roti-Paneer,4.0,Sunny,27.8,False,False,False,False,False,False,800,595,72.93,229.08,187.1,41.98,18.33,130.72,29944.9,5487.54,12,83,3.98
2024-02-13,2024,2,13,Tuesday,7,Dinner,Rice-Rajma,3.8,Sunny,27.8,False,False,False,False,False,False,800,528,62.01,203.28,158.94,44.34,21.81,93.59,19024.62,4149.92,9,68,3.79
2024-02-14,2024,2,14,Wednesday,7,Breakfast,Upma,3.5,Sunny,28.0,False,False,False,False,False,False,800,474,53.2,182.49,149.88,32.61,17.87,99.2,18103.34,3235.34,8,80,3.63
2024-02-14,2024,2,14,Wednesday,7,Lunch,Rice-Sambar,3.6,Sunny,28.0,False,False,False,False,False,False,800,515,65.89,198.28,170.23,28.05,14.14,124.65,24715.15,3495.87,11,51,3.96
2024-02-14,2024,2,14,Wednesday,7,Dinner,Paratha-Paneer,4.1,Sunny,28.0,False,False,False,False,False,False,800,620,63.84,238.7,196.91,41.79,17.51,112.86,26939.15,4716.64,11,66,4.0
2024-02-15,2024,2,15,Thursday,7,Breakfast,Dosa,4.6,Sunny,29.9,False,False,False,False,False,False,800,470,63.2,180.95,155.31,25.64,14.17,113.44,20527.16,2909.14,8,70,4.49
2024-02-15,2024,2,15,Thursday,7,Lunch,Biryani,4.8,Sunny,29.9,False,False,False,False,False,False,800,579,79.25,222.91,183.95,38.97,17.48,128.05,28544.62,4990.06,9,54,4.78
2024-02-15,2024,2,15,Thursday,7,Dinner,Rice-Curd-Pickle,3.2,Sunny,29.9,False,False,False,False,False,False,800,433,52.17,166.7,143.2,23.5,14.1,85.96,14330.41,2020.42,9,52,3.54
2024-02-16,2024,2,16,Friday,7,Breakfast,Paratha-Curry,3.7,Sunny,27.3,False,False,False,False,False,False,800,399,47.32,153.61,127.03,26.59,17.31,123.29,18939.08,3277.96,12,69,3.84
2024-02-16,2024,2,16,Friday,7,Lunch,Chole-Bhature,4.5,Sunny,27.3,False,False,False,False,False,False,800,550,66.3,211.75,172.15,39.6,18.7,140.21,29689.82,5552.75,11,64,4.46
2024-02-16,2024,2,16,Friday,7,Dinner,Noodles,4.2,Sunny,27.3,False,False,False,False,False,False,800,441,55.58,169.78,132.13,37.66,22.18,147.21,24993.64,5543.52,8,58,4.27
2024-02-17,2024,2,17,Saturday,7,Breakfast,Bread-Omelette,3.9,Sunny,25.5,False,False,True,False,False,False,800,291,41.58,112.03,87.4,24.64,21.99,96.79,10843.93,2384.49,12,49,3.85
2024-02-17,2024,2,17,Saturday,7,Lunch,Fried Rice,4.2,Sunny,25.5,False,False,True,False,False,False,800,410,53.3,157.85,127.84,30.01,19.01,128.26,20245.21,3849.32,11,63,4.0
2024-02-17,2024,2,17,Saturday,7,Dinner,Roti-Paneer,4.0,Sunny,25.5,False,False,True,False,False,False,800,387,45.38,149.0,119.03,29.96,20.11,99.79,14868.25,2989.73,11,49,4.16
2024-02-18,2024,2,18,Sunday,7,Breakfast,Puri-Bhaji,4.3,Rainy,28.6,False,False,True,False,False,False,800,321,44.66,123.59,104.35,19.24,15.57,123.75,15294.15,2380.56,9,72,4.11
2024-02-18,2024,2,18,Sunday,7,Lunch,Rice-Chicken,4.7,Rainy,28.6,False,False,True,False,False,False,800,469,57.97,180.56,143.22,37.35,20.68,90.43,16328.36,3377.28,10,54,4.37
2024-02-18,2024,2,18,Sunday,7,Dinner,Khichdi,3.0,Rainy,28.6,False,False,True,False,False,False,800,306,37.12,117.81,92.81,25.0,21.22,101.53,11961.58,2538.11,12,63,3.35
2024-02-19,2024,2,19,Monday,8,Breakfast,Idli-Sambar,3.9,Sunny,25.3,False,False,False,False,False,False,800,458,56.7,176.33,141.13,35.2,19.96,108.18,19074.6,3807.83,10,77,4.02
2024-02-19,2024,2,19,Monday,8,Lunch,Rice-Dal-Sabzi,3.4,Sunny,25.3,False,False,False,False,False,False,800,501,62.47,192.89,156.72,36.16,18.75,121.86,23505.46,4406.72,11,65,3.7
2024-02-19,2024,2,19,Monday,8,Dinner,Roti-Dal,3.3,Sunny,25.3,False,False,False,False,False,False,800,392,54.0,150.92,116.97,33.95,22.49,96.02,14492.05,3259.57,12,82,3.79
2024-02-20,2024,2,20,Tuesday,8,Breakfast,Poha,3.7,Rainy,29.1,False,False,False,False,False,False,800,521,62.46,200.59,167.26,33.33,16.62,98.87,19830.99,3295.04,8,56,3.85
2024-02-20,2024,2,20,Tuesday,8,Lunch,Roti-Paneer,4.0,Rainy,29.1,False,False,False,False,False,False,800,696,80.22,267.96,222.93,45.03,16.8,144.13,38619.76,6489.84,9,82,4.05
2024-02-20,2024,2,20,Tuesday,8,Dinner,Rice-Rajma,3.8,Rainy,29.1,False,False,False,False,False,False,800,590,68.21,227.15,192.34,34.81,15.33,147.83,33580.46,5146.22,11,67,3.89
2024-02-21,2024,2,21,Wednesday,8,Breakfast,Upma,3.5,Sunny,23.9,False,False,False,False,False,False,800,393,53.2,151.31,118.36,32.95,21.78,91.26,13807.75,3006.83,11,89,3.72
2024-02-21,2024,2,21,Wednesday,8,Lunch,Rice-Sambar,3.6,Sunny,23.9,False,False,False,False,False,False,800,548,65.89,210.98,175.74,35.24,16.7,108.03,22792.52,3807.21,12,47,3.77
2024-02-21,2024,2,21,Wednesday,8,Dinner,Paratha-Paneer,4.1,Sunny,23.9,False,False,False,False,False,False,800,530,63.84,204.05,163.51,40.54,19.87,102.63,20941.48,4160.66,11,77,4.29
2024-02-22,2024,2,22,Thursday,8,Breakfast,Dosa,4.6,Sunny,29.5,False,False,False,False,False,False,800,660,63.2,254.1,216.43,37.67,14.82,112.34,28545.17,4231.52,8,57,4.5
2024-02-22,2024,2,22,Thursday,8,Lunch,Biryani,4.8,Sunny,29.5,False,False,False,False,False,False,800,662,79.25,254.87,211.37,43.5,17.07,114.89,29283.17,4997.75,11,48,4.5
2024-02-22,2024,2,22,Thursday,8,Dinner,Rice-Curd-Pickle,3.2,Sunny,29.5,False,False,False,False,False,False,800,454,52.17,174.79,143.79,31.0,17.73,144.94,25333.55,4492.75,11,89,3.51
2024-02-23,2024,2,23,Friday,8,Breakfast,Paratha-Curry,3.7,Sunny,30.9,False,False,False,False,False,False,800,397,47.32,152.84,126.86,25.98,17.0,135.95,20779.58,3532.49,9,64,3.89
2024-02-23,2024,2,23,Friday,8,Lunch,Chole-Bhature,4.5,Sunny,30.9,False,False,False,False,False,False,800,516,66.3,198.66,163.48,35.18,17.71,86.52,17188.99,3043.62,8,74,4.63
2024-02-23,2024,2,23,Friday,8,Dinner,Noodles,4.2,Sunny,30.9,False,False,False,False,False,False,800,470,55.58,180.95,150.48,30.47,16.84,90.78,16426.28,2766.02,10,77,4.31
2024-02-24,2024,2,24,Saturday,8,Breakfast,Bread-Omelette,3.9,Sunny,25.7,False,False,True,False,False,False,800,325,41.58,125.12,102.18,22.95,18.34,113.06,14146.06,2594.52,11,80,3.85
2024-02-24,2024,2,24,Saturday,8,Lunch,Fried Rice,4.2,Sunny,25.7,False,False,True,False,False,False,800,409,53.3,157.46,124.41,33.06,20.99,121.96,19203.87,4031.75,9,49,4.11
2024-02-24,2024,2,24,Saturday,8,Dinner,Roti-Paneer,4.0,Sunny,25.7,False,False,True,False,False,False,800,365,45.38,140.53,118.68,21.85,15.55,109.05,15323.68,2382.13,12,62,4.22
2024-02-25,2024,2,25,Sunday,8,Breakfast,Puri-Bhaji,4.3,Sunny,34.9,False,False,True,False,False,False,800,275,40.6,105.88,84.69,21.19,20.01,121.09,12819.94,2565.67,11,54,4.26
2024-02-25,2024,2,25,Sunday,8,Lunch,Rice-Chicken,4.7,Sunny,34.9,False,False,True,False,False,False,800,444,52.7,170.94,139.62,31.32,18.32,103.27,17653.11,3234.79,12,69,4.54
2024-02-25,2024,2,25,Sunday,8,Dinner,Khichdi,3.0,Sunny,34.9,False,False,True,False,False,False,800,235,33.75,90.48,72.56,17.92,19.8,93.21,8432.78,1669.86,9,81,3.32
2024-02-26,2024,2,26,Monday,9,Breakfast,Idli-Sambar,3.9,Cloudy,26.6,False,False,False,False,False,False,800,492,56.7,189.42,153.44,35.98,18.99,102.27,19372.43,3679.4,11,90,4.19
2024-02-26,2024,2,26,Monday,9,Lunch,Rice-Dal-Sabzi,3.4,Cloudy,26.6,False,False,False,False,False,False,800,501,62.47,192.89,155.73,37.15,19.26,149.19,28776.32,5542.76,9,76,3.86
2024-02-26,2024,2,26,Monday,9,Dinner,Roti-Dal,3.3,Cloudy,26.6,False,False,False,False,False,False,800,394,54.0,151.69,118.96,32.73,21.58,147.57,22385.61,4830.72,10,51,3.75
2024-02-27,2024,2,27,Tuesday,9,Breakfast,Poha,3.7,Sunny,25.9,False,False,False,False,False,False,800,478,56.78,184.03,151.0,33.03,17.95,111.98,20608.59,3698.4,9,71,4.03
2024-02-27,2024,2,27,Tuesday,9,Lunch,Roti-Paneer,4.0,Sunny,25.9,False,False,False,False,False,False,800,548,72.93,210.98,181.63,29.35,13.91,85.24,17983.51,2501.41,10,66,4.13
2024-02-27,2024,2,27,Tuesday,9,Dinner,Rice-Rajma,3.8,Sunny,25.9,False,False,False,False,False,False,800,504,62.01,194.04,156.95,37.09,19.11,85.62,16614.11,3175.59,10,88,4.1
2024-02-28,2024,2,28,Wednesday,9,Breakfast,Upma,3.5,Sunny,28.1,False,False,False,False,False,False,800,402,53.2,154.77,124.05,30.72,19.85,130.31,20168.11,4003.07,11,79,3.52
2024-02-28,2024,2,28,Wednesday,9,Lunch,Rice-Sambar,3.6,Sunny,28.1,False,False,False,False,False,False,800,617,65.89,237.55,185.04,52.51,22.11,124.18,29498.64,6520.75,10,59,3.91
2024-02-28,2024,2,28,Wednesday,9,Dinner,Paratha-Paneer,4.1,Sunny,28.1,False,False,False,False,False,False,800,535,63.84,205.98,167.29,38.69,18.78,86.89,17897.38,3361.5,8,73,3.99
2024-02-29,2024,2,29,Thursday,9,Breakfast,Dosa,4.6,Sunny,21.9,False,False,False,False,False,False,800,512,63.2,197.12,152.84,44.28,22.46,102.71,20245.45,4547.96,8,63,4.43
2024-02-29,2024,2,29,Thursday,9,Lunch,Biryani,4.8,Sunny,21.9,False,False,False,False,False,False,800,600,79.25,231.0,187.54,43.46,18.81,97.09,22428.67,4219.27,11,81,4.72
2024-02-29,2024,2,29,Thursday,9,Dinner,Rice-Curd-Pickle,3.2,Sunny,21.9,False,False,False,False,False,False,800,445,52.17,171.33,135.19,36.13,21.09,92.25,15805.56,3333.46,12,69,3.57
2024-03-01,2024,3,1,Friday,9,Breakfast,Paratha-Curry,3.7,Sunny,25.6,False,False,False,False,False,False,800,374,47.32,143.99,123.21,20.78,14.43,90.02,12961.73,1870.23,11,85,3.75
2024-03-01,2024,3,1,Friday,9,Lunch,Chole-Bhature,4.5,Sunny,25.6,False,False,False,False,False,False,800,551,66.3,212.14,168.85,43.29,20.41,80.66,17110.35,3491.56,11,63,4.5
2024-03-01,2024,3,1,Friday,9,Dinner,Noodles,4.2,Sunny,25.6,False,False,False,False,False,False,800,474,55.58,182.49,143.64,38.85,21.29,110.92,20241.99,4309.75,10,82,4.12
2024-03-02,2024,3,2,Saturday,9,Breakfast,Bread-Omelette,3.9,Rainy,24.4,False,False,True,False,False,False,800,355,45.74,136.67,114.19,22.49,16.45,111.98,15304.66,2517.88,10,57,4.23
2024-03-02,2024,3,2,Saturday,9,Lunch,Fried Rice,4.2,Rainy,24.4,False,False,True,False,False,False,800,450,58.62,173.25,147.32,25.93,14.97,87.47,15153.44,2268.42,11,81,4.15
2024-03-02,2024,3,2,Saturday,9,Dinner,Roti-Paneer,4.0,Rainy,24.4,False,False,True,False,False,False,800,378,49.91,145.53,116.37,29.16,20.04,128.95,18766.03,3760.25,8,87,4.03
2024-03-03,2024,3,3,Sunday,9,Breakfast,Puri-Bhaji,4.3,Sunny,33.3,False,False,True,False,False,False,800,334,40.6,128.59,109.48,19.11,14.86,134.48,17293.02,2570.27,8,83,4.4
2024-03-03,2024,3,3,Sunday,9,Lunch,Rice-Chicken,4.7,Sunny,33.3,False,False,True,False,False,False,800,378,52.7,145.53,123.47,22.06,15.16,143.21,20840.69,3158.62,9,83,4.7
2024-03-03,2024,3,3,Sunday,9,Dinner,Khichdi,3.0,Sunny,33.3,False,False,True,False,False,False,800,289,33.75,111.27,88.19,23.07,20.74,93.31,10382.05,2152.86,10,88,3.49
2024-03-04,2024,3,4,Monday,10,Breakfast,Idli-Sambar,3.9,Cloudy,34.4,False,False,False,False,False,False,800,490,56.7,188.65,157.45,31.2,16.54,89.57,16898.24,2794.58,8,85,4.07
2024-03-04,2024,3,4,Monday,10,Lunch,Rice-Dal-Sabzi,3.4,Cloudy,34.4,False,False,False,False,False,False,800,438,62.47,168.63,135.04,33.59,19.92,110.86,18693.92,3723.6,12,68,3.76
2024-03-04,2024,3,4,Monday,10,Dinner,Roti-Dal,3.3,Cloudy,34.4,False,False,False,False,False,False,800,415,54.0,159.78,124.77,35.0,21.91,100.66,16082.59,3523.35,11,56,3.45
2024-03-05,2024,3,5,Tuesday,10,Breakfast,Poha,3.7,Cloudy,31.8,False,False,False,False,False,False,800,428,56.78,164.78,140.46,24.32,14.76,105.61,17402.42,2568.5,12,62,4.01
2024-03-05,2024,3,5,Tuesday,10,Lunch,Roti-Paneer,4.0,Cloudy,31.8,False,False,False,False,False,False,800,603,72.93,232.16,184.82,47.34,20.39,137.73,31974.31,6519.94,11,63,4.19
2024-03-05,2024,3,5,Tuesday,10,Dinner,Rice-Rajma,3.8,Cloudy,31.8,False,False,False,False,False,False,800,526,62.01,202.51,162.72,39.79,19.65,88.06,17833.41,3503.92,8,54,4.05
2024-03-06,2024,3,6,Wednesday,10,Breakfast,Upma,3.5,Sunny,25.2,False,True,False,False,False,False,800,169,21.28,65.06,54.28,10.79,16.58,127.21,8276.82,1372.2,11,80,3.66
2024-03-06,2024,3,6,Wednesday,10,Lunch,Rice-Sambar,3.6,Sunny,25.2,False,True,False,False,False,False,800,155,26.36,59.68,50.4,9.27,15.54,80.97,4832.14,750.88,12,52,3.77
2024-03-06,2024,3,6,Wednesday,10,Dinner,Paratha-Paneer,4.1,Sunny,25.2,False,True,False,False,False,False,800,187,25.54,72.0,60.04,11.96,16.61,127.06,9147.96,1519.54,12,69,4.29
2024-03-07,2024,3,7,Thursday,10,Breakfast,Dosa,4.6,Rainy,27.2,False,True,False,False,False,False,800,199,27.81,76.61,59.96,16.66,21.74,96.37,7383.2,1605.28,8,84,4.67
2024-03-07,2024,3,7,Thursday,10,Lunch,Biryani,4.8,Rainy,27.2,False,True,False,False,False,False,800,314,34.87,120.89,99.58,21.31,17.62,144.07,17416.37,3069.39,9,86,4.44
2024-03-07,2024,3,7,Thursday,10,Dinner,Rice-Curd-Pickle,3.2,Rainy,27.2,False,True,False,False,False,False,800,162,22.95,62.37,52.87,9.5,15.24,143.66,8959.9,1365.28,10,86,3.47
2024-03-08,2024,3,8,Friday,10,Breakfast,Paratha-Curry,3.7,Sunny,26.7,False,True,False,False,False,False,800,152,18.93,58.52,50.25,8.27,14.12,101.31,5928.4,837.38,11,52,3.68
2024-03-08,2024,3,8,Friday,10,Lunch,Chole-Bhature,4.5,Sunny,26.7,False,True,False,False,False,False,800,236,26.52,90.86,77.54,13.32,14.66,89.5,8131.65,1192.2,11,68,4.5
2024-03-08,2024,3,8,Friday,10,Dinner,Noodles,4.2,Sunny,26.7,False,True,False,False,False,False,800,156,22.23,60.06,50.47,9.59,15.97,146.22,8781.86,1402.59,11,82,4.32
2024-03-09,2024,3,9,Saturday,10,Breakfast,Bread-Omelette,3.9,Sunny,31.5,False,True,True,False,False,False,800,133,16.63,51.2,41.5,9.71,18.96,86.93,4451.33,843.78,11,84,3.96
2024-03-09,2024,3,9,Saturday,10,Lunch,Fried Rice,4.2,Sunny,31.5,False,True,True,False,False,False,800,156,21.32,60.06,51.61,8.45,14.08,82.29,4942.35,695.74,10,58,4.19
2024-03-09,2024,3,9,Saturday,10,Dinner,Roti-Paneer,4.0,Sunny,31.5,False,True,True,False,False,False,800,150,18.15,57.75,49.62,8.13,14.09,139.88,8078.16,1137.88,8,88,4.02
2024-03-10,2024,3,10,Sunday,10,Breakfast,Puri-Bhaji,4.3,Rainy,28.6,False,True,True,False,False,False,800,135,17.86,51.98,43.21,8.77,16.87,84.24,4378.3,738.41,10,57,4.5
2024-03-10,2024,3,10,Sunday,10,Lunch,Rice-Chicken,4.7,Rainy,28.6,False,True,True,False,False,False,800,186,23.19,71.61,61.51,10.1,14.1,137.69,9860.22,1390.28,8,87,4.44
2024-03-10,2024,3,10,Sunday,10,Dinner,Khichdi,3.0,Rainy,28.6,False,True,True,False,False,False,800,114,14.85,43.89,36.47,7.42,16.91,147.98,6494.69,1098.49,8,66,3.26
2024-03-11,2024,3,11,Monday,11,Breakfast,Idli-Sambar,3.9,Sunny,28.3,False,False,False,False,False,False,800,476,56.7,183.26,151.02,32.24,17.59,84.8,15540.94,2734.39,12,58,4.04
2024-03-11,2024,3,11,Monday,11,Lunch,Rice-Dal-Sabzi,3.4,Sunny,28.3,False,False,False,False,False,False,800,562,62.47,216.37,183.19,33.18,15.34,96.31,20838.57,3195.78,9,83,3.43
2024-03-11,2024,3,11,Monday,11,Dinner,Roti-Dal,3.3,Sunny,28.3,False,False,False,False,False,False,800,389,54.0,149.76,127.41,22.35,14.92,90.13,13498.04,2014.39,9,79,3.47
2024-03-12,2024,3,12,Tuesday,11,Breakfast,Poha,3.7,Sunny,34.4,False,False,False,False,False,False,800,383,56.78,147.45,122.8,24.65,16.72,81.8,12062.5,2016.57,8,67,4.0
2024-03-12,2024,3,12,Tuesday,11,Lunch,Roti-Paneer,4.0,Sunny,34.4,False,False,False,False,False,False,800,575,72.93,221.38,175.85,45.52,20.56,102.66,22727.24,4673.69,9,61,3.87
2024-03-12,2024,3,12,Tuesday,11,Dinner,Rice-Rajma,3.8,Sunny,34.4,False,False,False,False,False,False,800,519,62.01,199.81,167.88,31.94,15.98,116.83,23343.58,3731.33,8,75,3.91
2024-03-13,2024,3,13,Wednesday,11,Breakfast,Upma,3.5,Sunny,28.8,False,False,False,False,False,False,800,403,53.2,155.16,128.27,26.89,17.33,111.64,17321.56,3001.88,9,84,3.52
2024-03-13,2024,3,13,Wednesday,11,Lunch,Rice-Sambar,3.6,Sunny,28.8,False,False,False,False,False,False,800,518,65.89,199.43,168.3,31.13,15.61,140.69,28057.54,4378.95,12,64,3.78
2024-03-13,2024,3,13,Wednesday,11,Dinner,Paratha-Paneer,4.1,Sunny,28.8,False,False,False,False,False,False,800,489,63.84,188.26,161.98,26.29,13.96,84.26,15862.79,2214.98,11,70,4.11
2024-03-14,2024,3,14,Thursday,11,Breakfast,Dosa,4.6,Sunny,26.2,False,False,False,False,False,False,800,539,63.2,207.51,173.79,33.72,16.25,111.05,23044.41,3744.92,8,65,4.54
2024-03-14,2024,3,14,Thursday,11,Lunch,Biryani,4.8,Sunny,26.2,False,False,False,False,False,False,800,652,79.25,251.02,195.47,55.55,22.13,99.25,24914.02,5513.51,12,80,4.73
2024-03-14,2024,3,14,Thursday,11,Dinner,Rice-Curd-Pickle,3.2,Sunny,26.2,False,False,False,False,False,False,800,393,52.17,151.31,122.16,29.15,19.26,121.82,18431.59,3550.75,10,74,3.52
2024-03-15,2024,3,15,Friday,11,Breakfast,Paratha-Curry,3.7,Sunny,30.7,False,False,False,False,False,False,800,387,47.32,149.0,125.87,23.12,15.52,88.01,13112.9,2034.77,12,58,3.83
2024-03-15,2024,3,15,Friday,11,Lunch,Chole-Bhature,4.5,Sunny,30.7,False,False,False,False,False,False,800,564,66.3,217.14,185.32,31.82,14.65,108.97,23661.08,3467.23,11,70,4.39
2024-03-15,2024,3,15,Friday,11,Dinner,Noodles,4.2,Sunny,30.7,False,False,False,False,False,False,800,466,55.58,179.41,140.19,39.22,21.86,109.87,19712.4,4309.69,10,68,4.42
2024-03-16,2024,3,16,Saturday,11,Breakfast,Bread-Omelette,3.9,Cloudy,25.5,False,False,True,False,False,False,800,317,41.58,122.05,99.57,22.48,18.42,86.39,10542.95,1941.56,8,50,3.97
2024-03-16,2024,3,16,Saturday,11,Lunch,Fried Rice,4.2,Cloudy,25.5,False,False,True,False,False,False,800,451,53.3,173.64,145.93,27.71,15.96,106.09,18420.12,2939.53,9,80,4.02
2024-03-16,2024,3,16,Saturday,11,Dinner,Roti-Paneer,4.0,Cloudy,25.5,False,False,True,False,False,False,800,380,45.38,146.3,125.77,20.53,14.03,119.32,17456.2,2449.22,8,71,4.01
2024-03-17,2024,3,17,Sunday,11,Breakfast,Puri-Bhaji,4.3,Cloudy,27.9,False,False,True,False,False,False,800,327,40.6,125.89,105.87,20.03,15.91,140.77,17721.79,2818.92,8,63,4.33
2024-03-17,2024,3,17,Sunday,11,Lunch,Rice-Chicken,4.7,Cloudy,27.9,False,False,True,False,False,False,800,464,52.7,178.64,143.75,34.89,19.53,120.45,21517.96,4202.56,9,54,4.64
2024-03-17,2024,3,17,Sunday,11,Dinner,Khichdi,3.0,Cloudy,27.9,False,False,True,False,False,False,800,257,33.75,98.94,78.47,20.47,20.69,87.58,8665.14,1792.7,12,68,3.2
2024-03-18,2024,3,18,Monday,12,Breakfast,Idli-Sambar,3.9,Sunny,29.6,False,False,False,False,False,False,800,445,56.7,171.33,135.91,35.42,20.67,110.04,18852.24,3897.0,12,84,4.06
2024-03-18,2024,3,18,Monday,12,Lunch,Rice-Dal-Sabzi,3.4,Sunny,29.6,False,False,False,False,False,False,800,490,62.47,188.65,156.8,31.85,16.88,81.84,15438.69,2606.75,10,46,3.51
2024-03-18,2024,3,18,Monday,12,Dinner,Roti-Dal,3.3,Sunny,29.6,False,False,False,False,False,False,800,469,54.0,180.56,151.06,29.5,16.34,101.63,18350.63,2998.33,10,67,3.36
2024-03-19,2024,3,19,Tuesday,12,Breakfast,Poha,3.7,Cloudy,30.5,False,False,False,False,False,False,800,483,56.78,185.95,153.27,32.69,17.58,108.05,20093.35,3532.19,9,85,4.08
2024-03-19,2024,3,19,Tuesday,12,Lunch,Roti-Paneer,4.0,Cloudy,30.5,False,False,False,False,False,False,800,643,72.93,247.56,193.36,54.2,21.89,117.13,28997.05,6348.36,11,71,4.05
2024-03-19,2024,3,19,Tuesday,12,Dinner,Rice-Rajma,3.8,Cloudy,30.5,False,False,False,False,False,False,800,496,62.01,190.96,150.29,40.67,21.3,101.81,19442.52,4140.53,10,81,3.98
2024-03-20,2024,3,20,Wednesday,12,Breakfast,Upma,3.5,Cloudy,30.0,False,False,False,False,False,False,800,414,53.2,159.39,125.42,33.97,21.31,132.81,21168.67,4511.66,8,88,3.54
2024-03-20,2024,3,20,Wednesday,12,Lunch,Rice-Sambar,3.6,Cloudy,30.0,False,False,False,False,False,False,800,540,65.89,207.9,169.02,38.88,18.7,109.68,22802.69,4263.87,12,73,3.76
2024-03-20,2024,3,20,Wednesday,12,Dinner,Paratha-Paneer,4.1,Cloudy,30.0,False,False,False,False,False,False,800,504,63.84,194.04,153.74,40.3,20.77,115.86,22482.3,4669.02,10,72,3.97
2024-03-21,2024,3,21,Thursday,12,Breakfast,Dosa,4.6,Cloudy,28.3,False,False,False,False,False,False,800,529,63.2,203.66,168.36,35.31,17.34,116.89,23805.46,4126.71,10,47,4.37
2024-03-21,2024,3,21,Thursday,12,Lunch,Biryani,4.8,Cloudy,28.3,False,False,False,False,False,False,800,592,79.25,227.92,196.52,31.4,13.78,83.83,19107.61,2632.6,9,64,4.84
2024-03-21,2024,3,21,Thursday,12,Dinner,Rice-Curd-Pickle,3.2,Cloudy,28.3,False,False,False,False,False,False,800,486,52.17,187.11,157.64,29.47,15.75,133.49,24977.55,3934.31,10,65,3.34
2024-03-22,2024,3,22,Friday,12,Breakfast,Paratha-Curry,3.7,Sunny,25.0,False,False,False,False,False,False,800,341,47.32,131.28,106.59,24.7,18.81,89.04,11690.01,2199.15,12,90,3.74
2024-03-22,2024,3,22,Friday,12,Lunch,Chole-Bhature,4.5,Sunny,25.0,False,False,False,False,False,False,800,579,66.3,222.91,183.58,39.34,17.65,126.76,28257.46,4986.87,10,49,4.38
2024-03-22,2024,3,22,Friday,12,Dinner,Noodles,4.2,Sunny,25.0,False,False,False,False,False,False,800,472,55.58,181.72,152.68,29.04,15.98,110.54,20086.49,3210.11,11,49,4.38
2024-03-23,2024,3,23,Saturday,12,Breakfast,Bread-Omelette,3.9,Sunny,29.9,False,False,True,False,False,False,800,348,41.58,133.98,110.51,23.47,17.51,129.66,17372.51,3042.72,11,63,3.83
2024-03-23,2024,3,23,Saturday,12,Lunch,Fried Rice,4.2,Sunny,29.9,False,False,True,False,False,False,800,425,53.3,163.62,126.75,36.88,22.54,102.73,16809.81,3788.54,12,74,4.36
2024-03-23,2024,3,23,Saturday,12,Dinner,Roti-Paneer,4.0,Sunny,29.9,False,False,True,False,False,False,800,336,45.38,129.36,110.78,18.58,14.37,86.17,11146.83,1601.32,8,60,4.05
2024-03-24,2024,3,24,Sunday,12,Breakfast,Puri-Bhaji,4.3,Sunny,28.2,False,False,True,False,False,False,800,306,40.6,117.81,91.88,25.93,22.01,140.94,16603.75,3654.87,10,59,4.21
2024-03-24,2024,3,24,Sunday,12,Lunch,Rice-Chicken,4.7,Sunny,28.2,False,False,True,False,False,False,800,453,52.7,174.41,137.43,36.97,21.2,115.73,20184.56,4278.88,8,78,4.57
2024-03-24,2024,3,24,Sunday,12,Dinner,Khichdi,3.0,Sunny,28.2,False,False,True,False,False,False,800,266,33.75,102.41,87.57,14.84,14.49,104.46,10697.37,1550.22,9,60,3.2
2024-03-25,2024,3,25,Monday,13,Breakfast,Idli-Sambar,3.9,Sunny,25.5,False,False,False,False,False,False,800,441,56.7,169.78,133.88,35.91,21.15,90.7,15399.65,3257.03,8,56,4.21
2024-03-25,2024,3,25,Monday,13,Lunch,Rice-Dal-Sabzi,3.4,Sunny,25.5,False,False,False,False,False,False,800,515,62.47,198.28,164.53,33.74,17.02,112.48,22301.32,3795.38,12,82,3.63
2024-03-25,2024,3,25,Monday,13,Dinner,Roti-Dal,3.3,Sunny,25.5,False,False,False,False,False,False,800,412,54.0,158.62,135.9,22.72,14.33,119.51,18957.38,2715.81,12,65,3.75
2024-03-26,2024,3,26,Tuesday,13,Breakfast,Poha,3.7,Cloudy,25.5,False,False,False,False,False,False,800,462,56.78,177.87,139.89,37.98,21.35,84.78,15079.83,3220.29,11,85,3.78
2024-03-26,2024,3,26,Tuesday,13,Lunch,Roti-Paneer,4.0,Cloudy,25.5,False,False,False,False,False,False,800,594,72.93,228.69,182.43,46.26,20.23,83.93,19194.42,3883.08,12,49,3.99
2024-03-26,2024,3,26,Tuesday,13,Dinner,Rice-Rajma,3.8,Cloudy,25.5,False,False,False,False,False,False,800,475,62.01,182.88,148.83,34.05,18.62,83.98,15358.26,2859.55,10,49,4.0
2024-03-27,2024,3,27,Wednesday,13,Breakfast,Upma,3.5,Rainy,26.6,False,False,False,False,False,False,800,476,58.52,183.26,143.11,40.15,21.91,121.59,22281.77,4881.13,11,74,3.76
2024-03-27,2024,3,27,Wednesday,13,Lunch,Rice-Sambar,3.6,Rainy,26.6,False,False,False,False,False,False,800,511,72.48,196.74,169.09,27.65,14.05,131.72,25914.81,3641.66,8,73,3.98
2024-03-27,2024,3,27,Wednesday,13,Dinner,Paratha-Paneer,4.1,Rainy,26.6,False,False,False,False,False,False,800,497,70.22,191.34,157.8,33.54,17.53,93.18,17828.91,3125.48,12,75,4.15
2024-03-28,2024,3,28,Thursday,13,Breakfast,Dosa,4.6,Rainy,25.8,False,False,False,False,False,False,800,546,69.52,210.21,171.04,39.17,18.63,136.77,28749.93,5356.57,10,90,4.31
2024-03-28,2024,3,28,Thursday,13,Lunch,Biryani,4.8,Rainy,25.8,False,False,False,False,False,False,800,714,87.18,274.89,228.56,46.33,16.85,82.74,22744.38,3833.2,11,73,4.65
2024-03-28,2024,3,28,Thursday,13,Dinner,Rice-Curd-Pickle,3.2,Rainy,25.8,False,False,False,False,False,False,800,513,57.39,197.5,163.57,33.94,17.18,105.47,20831.42,3579.58,10,69,3.47
2024-03-29,2024,3,29,Friday,13,Breakfast,Paratha-Curry,3.7,Sunny,30.6,False,False,False,False,False,False,800,373,47.32,143.6,118.77,24.83,17.29,135.25,19421.99,3358.44,10,49,3.79
2024-03-29,2024,3,29,Friday,13,Lunch,Chole-Bhature,4.5,Sunny,30.6,False,False,False,False,False,False,800,529,66.3,203.66,167.71,35.96,17.65,107.06,21804.27,3849.52,10,87,4.63
2024-03-29,2024,3,29,Friday,13,Dinner,Noodles,4.2,Sunny,30.6,False,False,False,False,False,False,800,408,55.58,157.08,129.99,27.09,17.25,90.53,14219.84,2452.66,8,82,4.29
2024-03-30,2024,3,30,Saturday,13,Breakfast,Bread-Omelette,3.9,Rainy,27.9,False,False,True,False,False,False,800,356,45.74,137.06,109.78,27.28,19.91,125.92,17259.12,3435.77,11,53,4.05
2024-03-30,2024,3,30,Saturday,13,Lunch,Fried Rice,4.2,Rainy,27.9,False,False,True,False,False,False,800,480,58.62,184.8,158.56,26.24,14.2,101.67,18788.75,2668.0,11,86,4.35
2024-03-30,2024,3,30,Saturday,13,Dinner,Roti-Paneer,4.0,Rainy,27.9,False,False,True,False,False,False,800,372,49.91,143.22,121.26,21.96,15.33,126.91,18175.78,2787.2,12,50,4.14
2024-03-31,2024,3,31,Sunday,13,Breakfast,Puri-Bhaji,4.3,Sunny,29.6,False,False,True,False,False,False,800,363,40.6,139.75,112.59,27.17,19.44,105.38,14727.64,2862.75,9,58,4.21
2024-03-31,2024,3,31,Sunday,13,Lunch,Rice-Chicken,4.7,Sunny,29.6,False,False,True,False,False,False,800,417,52.7,160.54,135.24,25.31,15.76,93.44,15001.38,2364.55,9,54,4.37
2024-03-31,2024,3,31,Sunday,13,Dinner,Khichdi,3.0,Sunny,29.6,False,False,True,False,False,False,800,278,33.75,107.03,90.92,16.11,15.05,87.08,9320.16,1402.74,12,78,3.17
2024-04-01,2024,4,1,Monday,14,Breakfast,Idli-Sambar,3.9,Sunny,30.1,False,False,False,False,False,False,800,438,56.7,168.63,142.05,26.58,15.76,89.17,15037.32,2370.01,11,54,3.85
2024-04-01,2024,4,1,Monday,14,Lunch,Rice-Dal-Sabzi,3.4,Sunny,30.1,False,False,False,False,False,False,800,507,62.47,195.19,165.58,29.61,15.17,133.98,26151.61,3967.09,9,73,3.45
2024-04-01,2024,4,1,Monday,14,Dinner,Roti-Dal,3.3,Sunny,30.1,False,False,False,False,False,False,800,432,54.0,166.32,134.03,32.29,19.42,130.37,21683.3,4209.91,11,84,3.49
2024-04-02,2024,4,2,Tuesday,14,Breakfast,Poha,3.7,Cloudy,28.3,False,False,False,False,False,False,800,425,56.78,163.62,133.12,30.51,18.65,117.38,19206.43,3581.25,10,75,4.05
2024-04-02,2024,4,2,Tuesday,14,Lunch,Roti-Paneer,4.0,Cloudy,28.3,False,False,False,False,False,False,800,584,72.93,224.84,177.71,47.13,20.96,127.48,28662.94,6008.75,12,73,4.06
2024-04-02,2024,4,2,Tuesday,14,Dinner,Rice-Rajma,3.8,Cloudy,28.3,False,False,False,False,False,False,800,515,62.01,198.28,158.29,39.98,20.17,106.73,21162.1,4267.49,12,71,4.14
2024-04-03,2024,4,3,Wednesday,14,Breakfast,Upma,3.5,Cloudy,32.4,False,False,False,False,False,False,800,457,53.2,175.94,148.77,27.17,15.44,89.69,15780.14,2436.94,10,48,3.79
2024-04-03,2024,4,3,Wednesday,14,Lunch,Rice-Sambar,3.6,Cloudy,32.4,False,False,False,False,False,False,800,617,65.89,237.55,202.43,35.11,14.78,118.82,28224.59,4171.81,8,90,3.95
2024-04-03,2024,4,3,Wednesday,14,Dinner,Paratha-Paneer,4.1,Cloudy,32.4,False,False,False,False,False,False,800,478,63.84,184.03,156.45,27.58,14.99,99.95,18394.61,2757.24,9,62,4.12
2024-04-04,2024,4,4,Thursday,14,Breakfast,Dosa,4.6,Sunny,30.6,False,False,False,False,False,False,800,512,63.2,197.12,167.21,29.91,15.17,86.42,17035.1,2584.62,9,73,4.67
2024-04-04,2024,4,4,Thursday,14,Lunch,Biryani,4.8,Sunny,30.6,False,False,False,False,False,False,800,745,79.25,286.83,245.9,40.93,14.27,109.04,31276.2,4462.62,11,77,4.58
2024-04-04,2024,4,4,Thursday,14,Dinner,Rice-Curd-Pickle,3.2,Sunny,30.6,False,False,False,False,False,False,800,390,52.17,150.15,121.3,28.85,19.22,85.71,12869.71,2473.13,9,46,3.43
2024-04-05,2024,4,5,Friday,14,Breakfast,Paratha-Curry,3.7,Sunny,25.5,False,False,False,False,False,False,800,359,47.32,138.22,115.78,22.43,16.23,103.47,14301.15,2321.07,9,53,3.66
2024-04-05,2024,4,5,Friday,14,Lunch,Chole-Bhature,4.5,Sunny,25.5,False,False,False,False,False,False,800,439,66.3,169.01,144.7,24.32,14.39,113.07,19110.84,2749.54,9,90,4.41
2024-04-05,2024,4,5,Friday,14,Dinner,Noodles,4.2,Sunny,25.5,False,False,False,False,False,False,800,425,55.58,163.62,135.59,28.03,17.13,143.41,23465.47,4020.38,8,61,4.09
2024-04-06,2024,4,6,Saturday,14,Breakfast,Bread-Omelette,3.9,Sunny,25.7,False,False,True,False,False,False,800,335,41.58,128.97,110.69,18.29,14.18,122.62,15815.12,2242.55,11,52,4.13
2024-04-06,2024,4,6,Saturday,14,Lunch,Fried Rice,4.2,Sunny,25.7,False,False,True,False,False,False,800,437,53.3,168.25,133.64,34.6,20.57,88.53,14894.63,3063.36,9,71,4.28
2024-04-06,2024,4,6,Saturday,14,Dinner,Roti-Paneer,4.0,Sunny,25.7,False,False,True,False,False,False,800,417,45.38,160.54,133.15,27.4,17.07,84.4,13549.44,2312.26,11,83,4.09
2024-04-07,2024,4,7,Sunday,14,Breakfast,Puri-Bhaji,4.3,Cloudy,30.9,False,False,True,False,False,False,800,309,40.6,118.97,98.15,20.82,17.5,130.3,15500.91,2712.59,10,72,4.06
2024-04-07,2024,4,7,Sunday,14,Lunch,Rice-Chicken,4.7,Cloudy,30.9,False,False,True,False,False,False,800,390,52.7,150.15,120.84,29.31,19.52,119.95,18009.96,3515.52,9,87,4.64
2024-04-07,2024,4,7,Sunday,14,Dinner,Khichdi,3.0,Cloudy,30.9,False,False,True,False,False,False,800,280,33.75,107.8,88.43,19.37,17.97,105.24,11345.12,2038.53,12,79,3.38
2024-04-08,2024,4,8,Monday,15,Breakfast,Idli-Sambar,3.9,Rainy,24.0,False,False,False,False,False,False,800,570,62.37,219.45,180.63,38.82,17.69,107.33,23553.96,4166.58,11,47,4.07
2024-04-08,2024,4,8,Monday,15,Lunch,Rice-Dal-Sabzi,3.4,Rainy,24.0,False,False,False,False,False,False,800,600,68.72,231.0,199.1,31.9,13.81,97.76,22581.52,3118.22,8,67,3.78
2024-04-08,2024,4,8,Monday,15,Dinner,Roti-Dal,3.3,Rainy,24.0,False,False,False,False,False,False,800,457,59.4,175.94,141.47,34.47,19.59,131.31,23102.61,4526.43,8,82,3.69
2024-04-09,2024,4,9,Tuesday,15,Breakfast,Poha,3.7,Sunny,22.9,False,False,False,False,False,False,800,503,56.78,193.66,150.42,43.23,22.32,118.22,22894.08,5110.93,9,88,3.85
2024-04-09,2024,4,9,Tuesday,15,Lunch,Roti-Paneer,4.0,Sunny,22.9,False,False,False,False,False,False,800,577,72.93,222.15,185.7,36.44,16.41,124.22,27595.19,4527.14,9,49,4.17
2024-04-09,2024,4,9,Tuesday,15,Dinner,Rice-Rajma,3.8,Sunny,22.9,False,False,False,False,False,False,800,545,62.01,209.83,180.14,29.69,14.15,82.59,17329.21,2451.92,9,47,4.07
2024-04-10,2024,4,10,Wednesday,15,Breakfast,Upma,3.5,Cloudy,23.2,False,False,False,False,False,False,800,404,53.2,155.54,124.65,30.89,19.86,101.71,15819.24,3141.42,11,79,3.71
2024-04-10,2024,4,10,Wednesday,15,Lunch,Rice-Sambar,3.6,Cloudy,23.2,False,False,False,False,False,False,800,527,65.89,202.9,157.46,45.44,22.39,125.28,25419.3,5692.49,10,67,3.96
2024-04-10,2024,4,10,Wednesday,15,Dinner,Paratha-Paneer,4.1,Cloudy,23.2,False,False,False,False,False,False,800,511,63.84,196.74,152.88,43.86,22.29,125.9,24769.17,5521.71,10,52,4.28
2024-04-11,2024,4,11,Thursday,15,Breakfast,Dosa,4.6,Sunny,26.6,False,False,False,False,False,False,800,530,63.2,204.05,165.1,38.95,19.09,110.78,22604.98,4315.45,11,66,4.71
2024-04-11,2024,4,11,Thursday,15,Lunch,Biryani,4.8,Sunny,26.6,False,False,False,False,False,False,800,579,79.25,222.91,182.31,40.61,18.22,114.83,25596.58,4662.76,12,62,4.77
2024-04-11,2024,4,11,Thursday,15,Dinner,Rice-Curd-Pickle,3.2,Sunny,26.6,False,False,False,False,False,False,800,412,52.17,158.62,133.05,25.57,16.12,85.52,13565.96,2186.49,12,56,3.54
2024-04-12,2024,4,12,Friday,15,Breakfast,Paratha-Curry,3.7,Sunny,28.4,False,False,False,False,False,False,800,393,47.32,151.31,118.02,33.29,22.0,126.26,19104.43,4202.85,10,73,3.91
2024-04-12,2024,4,12,Friday,15,Lunch,Chole-Bhature,4.5,Sunny,28.4,False,False,False,False,False,False,800,560,66.3,215.6,174.95,40.65,18.85,128.28,27657.93,5214.49,10,73,4.22
2024-04-12,2024,4,12,Friday,15,Dinner,Noodles,4.2,Sunny,28.4,False,False,False,False,False,False,800,404,55.58,155.54,132.49,23.05,14.82,104.68,16281.8,2412.61,11,62,4.28
2024-04-13,2024,4,13,Saturday,15,Breakfast,Bread-Omelette,3.9,Cloudy,23.4,False,False,True,False,False,False,800,365,41.58,140.53,109.32,31.2,22.21,126.98,17844.27,3962.47,11,68,4.01
2024-04-13,2024,4,13,Saturday,15,Lunch,Fried Rice,4.2,Cloudy,23.4,False,False,True,False,False,False,800,437,53.3,168.25,141.48,26.77,15.91,91.2,15343.79,2441.2,8,54,4.37
2024-04-13,2024,4,13,Saturday,15,Dinner,Roti-Paneer,4.0,Cloudy,23.4,False,False,True,False,False,False,800,341,45.38,131.28,109.54,21.74,16.56,110.67,14529.59,2406.51,9,49,3.96
2024-04-14,2024,4,14,Sunday,15,Breakfast,Puri-Bhaji,4.3,Cloudy,32.7,False,False,True,False,False,False,800,326,40.6,125.51,101.12,24.39,19.43,146.46,18382.53,3572.64,8,83,4.13
2024-04-14,2024,4,14,Sunday,15,Lunch,Rice-Chicken,4.7,Cloudy,32.7,False,False,True,False,False,False,800,460,52.7,177.1,144.09,33.01,18.64,105.97,18766.85,3497.59,11,49,4.6
2024-04-14,2024,4,14,Sunday,15,Dinner,Khichdi,3.0,Cloudy,32.7,False,False,True,False,False,False,800,271,33.75,104.34,85.64,18.69,17.91,107.86,11253.82,2016.01,10,60,3.58
2024-04-15,2024,4,15,Monday,16,Breakfast,Idli-Sambar,3.9,Sunny,34.2,False,False,False,False,False,False,800,516,56.7,198.66,156.87,41.79,21.04,116.24,23092.67,4857.76,12,52,3.9
2024-04-15,2024,4,15,Monday,16,Lunch,Rice-Dal-Sabzi,3.4,Sunny,34.2,False,False,False,False,False,False,800,489,62.47,188.26,149.93,38.33,20.36,111.24,20942.43,4264.09,12,63,3.74
2024-04-15,2024,4,15,Monday,16,Dinner,Roti-Dal,3.3,Sunny,34.2,False,False,False,False,False,False,800,465,54.0,179.03,154.59,24.43,13.65,94.01,16830.58,2297.18,9,49,3.56
2024-04-16,2024,4,16,Tuesday,16,Breakfast,Poha,3.7,Cloudy,29.9,False,False,False,False,False,False,800,503,56.78,193.66,157.48,36.18,18.68,86.15,16682.48,3116.42,10,87,3.8
2024-04-16,2024,4,16,Tuesday,16,Lunch,Roti-Paneer,4.0,Cloudy,29.9,False,False,False,False,False,False,800,537,72.93,206.75,160.98,45.77,22.14,117.95,24385.99,5398.31,10,55,4.17
2024-04-16,2024,4,16,Tuesday,16,Dinner,Rice-Rajma,3.8,Cloudy,29.9,False,False,False,False,False,False,800,523,62.01,201.35,172.57,28.79,14.3,124.64,25096.69,3588.09,10,77,3.81
2024-04-17,2024,4,17,Wednesday,16,Breakfast,Upma,3.5,Rainy,31.2,False,False,False,False,False,False,800,402,58.52,154.77,130.74,24.03,15.53,96.57,14946.38,2320.68,11,46,3.66
2024-04-17,2024,4,17,Wednesday,16,Lunch,Rice-Sambar,3.6,Rainy,31.2,False,False,False,False,False,False,800,524,72.48,201.74,166.39,35.35,17.52,112.72,22739.81,3985.1,12,53,3.85
2024-04-17,2024,4,17,Wednesday,16,Dinner,Paratha-Paneer,4.1,Rainy,31.2,False,False,False,False,False,False,800,469,70.22,180.56,140.94,39.62,21.94,101.65,18354.5,4027.62,11,78,4.1
2024-04-18,2024,4,18,Thursday,16,Breakfast,Dosa,4.6,Sunny,27.2,False,False,False,False,False,False,800,533,63.2,205.2,169.29,35.91,17.5,88.77,18216.64,3188.08,10,86,4.3
2024-04-18,2024,4,18,Thursday,16,Lunch,Biryani,4.8,Sunny,27.2,False,False,False,False,False,False,800,710,79.25,273.35,222.8,50.55,18.49,116.22,31767.43,5874.57,9,80,4.7
2024-04-18,2024,4,18,Thursday,16,Dinner,Rice-Curd-Pickle,3.2,Sunny,27.2,False,False,False,False,False,False,800,419,52.17,161.31,127.32,33.99,21.07,147.64,23816.31,5018.83,11,77,3.7
2024-04-19,2024,4,19,Friday,16,Breakfast,Paratha-Curry,3.7,Sunny,32.9,False,False,False,False,False,False,800,336,47.32,129.36,101.42,27.94,21.6,90.71,11734.39,2534.46,9,55,3.79
2024-04-19,2024,4,19,Friday,16,Lunch,Chole-Bhature,4.5,Sunny,32.9,False,False,False,False,False,False,800,457,66.3,175.94,147.3,28.64,16.28,104.22,18337.27,2985.09,12,63,4.58
2024-04-19,2024,4,19,Friday,16,Dinner,Noodles,4.2,Sunny,32.9,False,False,False,False,False,False,800,442,55.58,170.17,135.37,34.8,20.45,124.45,21178.34,4330.77,12,62,4.05
2024-04-20,2024,4,20,Saturday,16,Breakfast,Bread-Omelette,3.9,Sunny,29.2,False,False,True,False,False,False,800,331,41.58,127.44,104.65,22.78,17.88,115.18,14677.98,2624.05,9,82,4.2
2024-04-20,2024,4,20,Saturday,16,Lunch,Fried Rice,4.2,Sunny,29.2,False,False,True,False,False,False,800,355,53.3,136.67,107.53,29.15,21.33,126.11,17236.26,3675.72,12,66,4.37
2024-04-20,2024,4,20,Saturday,16,Dinner,Roti-Paneer,4.0,Sunny,29.2,False,False,True,False,False,False,800,360,45.38,138.6,114.2,24.4,17.6,137.77,19094.44,3361.28,8,50,3.87
2024-04-21,2024,4,21,Sunday,16,Breakfast,Puri-Bhaji,4.3,Cloudy,24.1,False,False,True,False,False,False,800,341,40.6,131.28,108.33,22.95,17.48,125.58,16486.65,2882.51,12,71,4.34
2024-04-21,2024,4,21,Sunday,16,Lunch,Rice-Chicken,4.7,Cloudy,24.1,False,False,True,False,False,False,800,433,52.7,166.7,129.28,37.43,22.45,142.23,23710.42,5323.45,12,63,4.63
2024-04-21,2024,4,21,Sunday,16,Dinner,Khichdi,3.0,Cloudy,24.1,False,False,True,False,False,False,800,249,33.75,95.86,76.71,19.15,19.98,97.14,9312.47,1860.72,11,64,3.35
2024-04-22,2024,4,22,Monday,17,Breakfast,Idli-Sambar,3.9,Cloudy,26.5,False,False,False,False,False,False,800,414,56.7,159.39,125.46,33.93,21.29,109.09,17388.42,3702.02,11,58,3.93
2024-04-22,2024,4,22,Monday,17,Lunch,Rice-Dal-Sabzi,3.4,Cloudy,26.5,False,False,False,False,False,False,800,496,62.47,190.96,150.05,40.91,21.42,140.3,26792.44,5739.26,10,67,3.87
2024-04-22,2024,4,22,Monday,17,Dinner,Roti-Dal,3.3,Cloudy,26.5,False,False,False,False,False,False,800,465,54.0,179.03,140.47,38.56,21.54,105.94,18965.52,4084.89,12,51,3.5
2024-04-23,2024,4,23,Tuesday,17,Breakfast,Poha,3.7,Sunny,25.0,False,False,False,False,False,False,800,472,56.78,181.72,144.84,36.88,20.3,97.35,17691.23,3590.56,8,48,3.77
2024-04-23,2024,4,23,Tuesday,17,Lunch,Roti-Paneer,4.0,Sunny,25.0,False,False,False,False,False,False,800,558,72.93,214.83,173.51,41.32,19.24,123.08,26440.51,5085.83,9,55,4.22
2024-04-23,2024,4,23,Tuesday,17,Dinner,Rice-Rajma,3.8,Sunny,25.0,False,False,False,False,False,False,800,464,62.01,178.64,153.2,25.44,14.24,130.48,23308.77,3318.85,9,55,3.93
2024-04-24,2024,4,24,Wednesday,17,Breakfast,Upma,3.5,Sunny,27.7,False,False,False,False,False,False,800,389,53.2,149.76,122.52,27.25,18.19,101.6,15215.8,2768.22,8,50,3.93
2024-04-24,2024,4,24,Wednesday,17,Lunch,Rice-Sambar,3.6,Sunny,27.7,False,False,False,False,False,False,800,503,65.89,193.66,158.54,35.11,18.13,147.67,28596.66,5185.24,9,82,3.73
2024-04-24,2024,4,24,Wednesday,17,Dinner,Paratha-Paneer,4.1,Sunny,27.7,False,False,False,False,False,False,800,461,63.84,177.49,137.96,39.52,22.27,114.64,20347.34,4530.91,11,63,4.16
2024-04-25,2024,4,25,Thursday,17,Breakfast,Dosa,4.6,Cloudy,33.9,False,False,False,False,False,False,800,506,63.2,194.81,158.17,36.64,18.81,141.77,27618.58,5194.99,10,70,4.43
2024-04-25,2024,4,25,Thursday,17,Lunch,Biryani,4.8,Cloudy,33.9,False,False,False,False,False,False,800,598,79.25,230.23,186.29,43.94,19.09,119.92,27609.12,5269.37,9,68,4.66
2024-04-25,2024,4,25,Thursday,17,Dinner,Rice-Curd-Pickle,3.2,Cloudy,33.9,False,False,False,False,False,False,800,424,52.17,163.24,127.23,36.01,22.06,115.3,18821.23,4151.74,12,62,3.66
2024-04-26,2024,4,26,Friday,17,Breakfast,Paratha-Curry,3.7,Cloudy,27.7,False,False,False,False,False,False,800,371,47.32,142.84,118.31,24.53,17.17,89.01,12713.23,2183.16,8,70,3.81
2024-04-26,2024,4,26,Friday,17,Lunch,Chole-Bhature,4.5,Cloudy,27.7,False,False,False,False,False,False,800,556,66.3,214.06,184.61,29.45,13.76,119.05,25483.46,3505.63,10,54,4.29
2024-04-26,2024,4,26,Friday,17,Dinner,Noodles,4.2,Cloudy,27.7,False,False,False,False,False,False,800,470,55.58,180.95,148.2,32.75,18.1,115.01,20810.24,3766.42,8,47,4.05
2024-04-27,2024,4,27,Saturday,17,Breakfast,Bread-Omelette,3.9,Sunny,26.4,False,False,True,False,False,False,800,316,41.58,121.66,99.25,22.41,18.42,111.99,13624.61,2509.72,12,77,3.84
2024-04-27,2024,4,27,Saturday,17,Lunch,Fried Rice,4.2,Sunny,26.4,False,False,True,False,False,False,800,416,53.3,160.16,137.32,22.84,14.26,102.3,16383.9,2336.39,11,84,4.32
2024-04-27,2024,4,27,Saturday,17,Dinner,Roti-Paneer,4.0,Sunny,26.4,False,False,True,False,False,False,800,296,45.38,113.96,91.16,22.8,20.01,103.55,11800.12,2360.85,12,79,4.07
2024-04-28,2024,4,28,Sunday,17,Breakfast,Puri-Bhaji,4.3,Sunny,23.5,False,False,True,False,False,False,800,359,40.6,138.22,112.77,25.45,18.41,81.16,11218.16,2065.27,10,88,4.11
2024-04-28,2024,4,28,Sunday,17,Lunch,Rice-Chicken,4.7,Sunny,23.5,False,False,True,False,False,False,800,476,52.7,183.26,148.55,34.71,18.94,101.54,18607.75,3524.41,8,83,4.55
2024-04-28,2024,4,28,Sunday,17,Dinner,Khichdi,3.0,Sunny,23.5,False,False,True,False,False,False,800,264,33.75,101.64,87.48,14.16,13.94,134.8,13701.41,1909.39,12,81,3.25
2024-04-29,2024,4,29,Monday,18,Breakfast,Idli-Sambar,3.9,Sunny,29.7,False,False,False,False,False,False,800,464,56.7,178.64,145.84,32.8,18.36,116.7,20846.62,3827.35,12,69,3.85
2024-04-29,2024,4,29,Monday,18,Lunch,Rice-Dal-Sabzi,3.4,Sunny,29.7,False,False,False,False,False,False,800,621,62.47,239.09,199.54,39.54,16.54,82.21,19655.16,3250.74,8,57,3.44
2024-04-29,2024,4,29,Monday,18,Dinner,Roti-Dal,3.3,Sunny,29.7,False,False,False,False,False,False,800,470,54.0,180.95,144.99,35.96,19.88,90.6,16394.1,3258.41,9,71,3.59
2024-04-30,2024,4,30,Tuesday,18,Breakfast,Poha,3.7,Cloudy,27.6,False,False,False,False,False,False,800,419,56.78,161.31,131.57,29.75,18.44,139.39,22485.12,4146.24,8,90,3.7
2024-04-30,2024,4,30,Tuesday,18,Lunch,Roti-Paneer,4.0,Cloudy,27.6,False,False,False,False,False,False,800,508,72.93,195.58,154.82,40.76,20.84,102.75,20096.52,4188.59,11,78,4.02
2024-04-30,2024,4,30,Tuesday,18,Dinner,Rice-Rajma,3.8,Cloudy,27.6,False,False,False,False,False,False,800,504,62.01,194.04,166.82,27.22,14.03,112.18,21766.72,3053.9,12,66,3.96
2024-05-01,2024,5,1,Wednesday,18,Breakfast,Upma,3.5,Cloudy,25.7,False,False,False,False,False,False,800,376,53.2,144.76,123.28,21.48,14.84,127.65,18478.93,2742.18,10,84,3.72
2024-05-01,2024,5,1,Wednesday,18,Lunch,Rice-Sambar,3.6,Cloudy,25.7,False,False,False,False,False,False,800,499,65.89,192.11,165.17,26.94,14.02,99.53,19121.29,2681.61,10,59,3.99
2024-05-01,2024,5,1,Wednesday,18,Dinner,Paratha-Paneer,4.1,Cloudy,25.7,False,False,False,False,False,False,800,465,63.84,179.03,154.32,24.7,13.8,133.98,23986.16,3309.52,9,89,4.24
2024-05-02,2024,5,2,Thursday,18,Breakfast,Dosa,4.6,Sunny,33.1,False,False,False,False,False,False,800,540,63.2,207.9,167.24,40.66,19.56,145.36,30220.14,5909.95,10,63,4.32
2024-05-02,2024,5,2,Thursday,18,Lunch,Biryani,4.8,Sunny,33.1,False,False,False,False,False,False,800,633,79.25,243.71,203.31,40.4,16.58,106.58,25973.74,4305.45,11,67,4.84
2024-05-02,2024,5,2,Thursday,18,Dinner,Rice-Curd-Pickle,3.2,Sunny,33.1,False,False,False,False,False,False,800,466,52.17,179.41,151.76,27.65,15.41,100.33,18000.51,2774.34,10,90,3.33
2024-05-03,2024,5,3,Friday,18,Breakfast,Paratha-Curry,3.7,Rainy,28.2,False,False,False,False,False,False,800,387,52.05,149.0,124.02,24.98,16.76,132.31,19714.08,3304.85,9,57,4.01
2024-05-03,2024,5,3,Friday,18,Lunch,Chole-Bhature,4.5,Rainy,28.2,False,False,False,False,False,False,800,654,72.93,251.79,200.77,51.02,20.26,119.34,30048.94,6088.64,10,53,4.25
2024-05-03,2024,5,3,Friday,18,Dinner,Noodles,4.2,Rainy,28.2,False,False,False,False,False,False,800,510,61.13,196.35,164.95,31.4,15.99,96.75,18996.81,3037.95,8,87,4.4
2024-05-04,2024,5,4,Saturday,18,Breakfast,Bread-Omelette,3.9,Sunny,24.9,False,False,True,False,False,False,800,326,41.58,125.51,99.64,25.87,20.61,87.01,10921.11,2250.9,10,90,3.99
2024-05-04,2024,5,4,Saturday,18,Lunch,Fried Rice,4.2,Sunny,24.9,False,False,True,False,False,False,800,396,53.3,152.46,127.25,25.21,16.53,89.62,13663.88,2259.27,12,55,4.17
2024-05-04,2024,5,4,Saturday,18,Dinner,Roti-Paneer,4.0,Sunny,24.9,False,False,True,False,False,False,800,322,45.38,123.97,106.33,17.64,14.23,141.49,17540.26,2495.45,11,86,3.94
2024-05-05,2024,5,5,Sunday,18,Breakfast,Puri-Bhaji,4.3,Rainy,30.8,False,False,True,False,False,False,800,411,44.66,158.24,126.89,31.34,19.81,125.21,19813.06,3924.48,8,86,4.32
2024-05-05,2024,5,5,Sunday,18,Lunch,Rice-Chicken,4.7,Rainy,30.8,False,False,True,False,False,False,800,411,57.97,158.24,129.97,28.26,17.86,130.62,20668.38,3691.84,8,56,4.53
2024-05-05,2024,5,5,Sunday,18,Dinner,Khichdi,3.0,Rainy,30.8,False,False,True,False,False,False,800,310,37.12,119.35,101.31,18.04,15.11,145.37,17350.46,2622.12,8,70,3.5
2024-05-06,2024,5,6,Monday,19,Breakfast,Idli-Sambar,3.9,Sunny,26.0,False,False,False,False,False,False,800,435,56.7,167.48,140.82,26.66,15.92,141.06,23624.08,3760.52,10,47,3.78
2024-05-06,2024,5,6,Monday,19,Lunch,Rice-Dal-Sabzi,3.4,Sunny,26.0,False,False,False,False,False,False,800,475,62.47,182.88,150.75,32.12,17.56,87.51,16003.58,2810.87,10,63,3.63
2024-05-06,2024,5,6,Monday,19,Dinner,Roti-Dal,3.3,Sunny,26.0,False,False,False,False,False,False,800,402,54.0,154.77,128.62,26.15,16.9,116.7,18062.01,3051.97,9,77,3.57
2024-05-07,2024,5,7,Tuesday,19,Breakfast,Poha,3.7,Sunny,28.1,False,False,False,False,False,False,800,423,56.78,162.85,127.51,35.34,21.7,91.37,14880.81,3229.61,11,86,3.76
2024-05-07,2024,5,7,Tuesday,19,Lunch,Roti-Paneer,4.0,Sunny,28.1,False,False,False,False,False,False,800,595,72.93,229.08,180.89,48.18,21.03,131.56,30137.85,6339.36,10,81,4.15
2024-05-07,2024,5,7,Tuesday,19,Dinner,Rice-Rajma,3.8,Sunny,28.1,False,False,False,False,False,False,800,494,62.01,190.19,150.3,39.89,20.97,122.77,23349.02,4896.58,11,72,3.94
2024-05-08,2024,5,8,Wednesday,19,Breakfast,Upma,3.5,Sunny,27.3,False,False,False,False,False,False,800,394,53.2,151.69,126.44,25.25,16.64,92.93,14097.26,2346.23,9,75,3.65
2024-05-08,2024,5,8,Wednesday,19,Lunch,Rice-Sambar,3.6,Sunny,27.3,False,False,False,False,False,False,800,502,65.89,193.27,153.7,39.57,20.47,98.25,18989.74,3887.64,9,73,3.91
2024-05-08,2024,5,8,Wednesday,19,Dinner,Paratha-Paneer,4.1,Sunny,27.3,False,False,False,False,False,False,800,540,63.84,207.9,178.68,29.22,14.05,101.14,21026.22,2955.07,12,45,4.04
2024-05-09,2024,5,9,Thursday,19,Breakfast,Dosa,4.6,Sunny,29.5,False,False,False,False,False,False,800,465,63.2,179.03,142.18,36.84,20.58,126.75,22690.53,4669.5,11,64,4.34
2024-05-09,2024,5,9,Thursday,19,Lunch,Biryani,4.8,Sunny,29.5,False,False,False,False,False,False,800,639,79.25,246.01,205.45,40.57,16.49,144.62,35578.05,5866.91,10,89,4.46
2024-05-09,2024,5,9,Thursday,19,Dinner,Rice-Curd-Pickle,3.2,Sunny,29.5,False,False,False,False,False,False,800,442,52.17,170.17,145.67,24.5,14.4,100.65,17128.06,2466.24,12,59,3.39
2024-05-10,2024,5,10,Friday,19,Breakfast,Paratha-Curry,3.7,Sunny,23.0,False,False,False,False,False,False,800,394,47.32,151.69,119.33,32.36,21.33,132.34,20074.87,4282.91,12,68,3.83
2024-05-10,2024,5,10,Friday,19,Lunch,Chole-Bhature,4.5,Sunny,23.0,False,False,False,False,False,False,800,501,66.3,192.89,158.68,34.21,17.73,112.96,21787.9,3863.92,12,87,4.57
2024-05-10,2024,5,10,Friday,19,Dinner,Noodles,4.2,Sunny,23.0,False,False,False,False,False,False,800,464,55.58,178.64,150.41,28.23,15.8,127.62,22798.74,3602.49,12,50,4.23
2024-05-11,2024,5,11,Saturday,19,Breakfast,Bread-Omelette,3.9,Sunny,25.7,False,False,True,False,False,False,800,284,41.58,109.34,88.09,21.25,19.44,144.21,15767.61,3064.96,8,48,4.15
2024-05-11,2024,5,11,Saturday,19,Lunch,Fried Rice,4.2,Sunny,25.7,False,False,True,False,False,False,800,370,53.3,142.45,121.77,20.68,14.52,94.15,13411.81,1947.29,12,54,4.06
2024-05-11,2024,5,11,Saturday,19,Dinner,Roti-Paneer,4.0,Sunny,25.7,False,False,True,False,False,False,800,364,45.38,140.14,119.18,20.96,14.96,110.93,15545.57,2325.5,9,90,4.11
2024-05-12,2024,5,12,Sunday,19,Breakfast,Puri-Bhaji,4.3,Sunny,28.8,False,False,True,False,False,False,800,300,40.6,115.5,94.61,20.89,18.09,136.61,15778.28,2853.9,11,53,4.29
2024-05-12,2024,5,12,Sunday,19,Lunch,Rice-Chicken,4.7,Sunny,28.8,False,False,True,False,False,False,800,442,52.7,170.17,138.56,31.61,18.57,84.04,14301.35,2656.41,11,88,4.7
2024-05-12,2024,5,12,Sunday,19,Dinner,Khichdi,3.0,Sunny,28.8,False,False,True,False,False,False,800,234,33.75,90.09,75.54,14.55,16.15,107.72,9704.17,1567.42,8,58,3.41
2024-05-13,2024,5,13,Monday,20,Breakfast,Idli-Sambar,3.9,Sunny,27.8,False,False,False,False,False,False,800,409,56.7,157.46,126.61,30.86,19.6,84.46,13300.0,2606.16,8,49,4.22
2024-05-13,2024,5,13,Monday,20,Lunch,Rice-Dal-Sabzi,3.4,Sunny,27.8,False,False,False,False,False,False,800,472,62.47,181.72,148.22,33.5,18.44,100.1,18189.51,3353.37,9,53,3.77
2024-05-13,2024,5,13,Monday,20,Dinner,Roti-Dal,3.3,Sunny,27.8,False,False,False,False,False,False,800,433,54.0,166.7,143.64,23.06,13.83,125.21,20873.41,2887.49,11,68,3.81
2024-05-14,2024,5,14,Tuesday,20,Breakfast,Poha,3.7,Sunny,25.4,False,False,False,False,False,False,800,440,56.78,169.4,144.29,25.11,14.82,143.47,24304.45,3602.32,11,50,3.95
2024-05-14,2024,5,14,Tuesday,20,Lunch,Roti-Paneer,4.0,Sunny,25.4,False,False,False,False,False,False,800,629,72.93,242.16,201.7,40.47,16.71,117.75,28515.18,4765.16,10,52,3.93
2024-05-14,2024,5,14,Tuesday,20,Dinner,Rice-Rajma,3.8,Sunny,25.4,False,False,False,False,False,False,800,473,62.01,182.1,149.61,32.49,17.84,117.02,21309.74,3802.32,9,45,4.05
2024-05-15,2024,5,15,Wednesday,20,Breakfast,Upma,3.5,Rainy,30.5,False,False,False,False,False,False,800,425,58.52,163.62,133.32,30.3,18.52,130.34,21326.32,3949.24,11,79,3.67
2024-05-15,2024,5,15,Wednesday,20,Lunch,Rice-Sambar,3.6,Rainy,30.5,False,False,False,False,False,False,800,603,72.48,232.16,184.24,47.92,20.64,112.24,26057.95,5378.21,9,62,3.65
2024-05-15,2024,5,15,Wednesday,20,Dinner,Paratha-Paneer,4.1,Rainy,30.5,False,False,False,False,False,False,800,625,70.22,240.63,205.08,35.54,14.77,133.58,32143.72,4747.9,8,87,4.11
2024-05-16,2024,5,16,Thursday,20,Breakfast,Dosa,4.6,Cloudy,20.6,True,False,False,False,True,False,800,361,48.34,138.99,118.56,20.42,14.69,81.1,11271.02,1656.06,9,49,4.32
2024-05-16,2024,5,16,Thursday,20,Lunch,Biryani,4.8,Cloudy,20.6,True,False,False,False,True,False,800,507,60.63,195.19,151.43,43.77,22.42,121.84,23783.52,5332.75,8,60,4.74
2024-05-16,2024,5,16,Thursday,20,Dinner,Rice-Curd-Pickle,3.2,Cloudy,20.6,True,False,False,False,True,False,800,313,39.91,120.51,97.52,22.98,19.07,96.4,11617.13,2215.42,9,48,3.35
2024-05-17,2024,5,17,Friday,20,Breakfast,Paratha-Curry,3.7,Rainy,29.1,True,False,False,False,True,False,800,302,39.82,116.27,92.32,23.95,20.6,144.15,16760.06,3452.33,12,65,3.9
2024-05-17,2024,5,17,Friday,20,Lunch,Chole-Bhature,4.5,Rainy,29.1,True,False,False,False,True,False,800,449,55.79,172.86,145.72,27.15,15.7,137.29,23732.08,3726.93,9,64,4.59
2024-05-17,2024,5,17,Friday,20,Dinner,Noodles,4.2,Rainy,29.1,True,False,False,False,True,False,800,369,46.77,142.07,122.51,19.56,13.77,116.49,16548.81,2278.18,11,64,4.11
2024-05-18,2024,5,18,Saturday,20,Breakfast,Bread-Omelette,3.9,Sunny,31.5,True,False,True,False,True,False,800,259,31.81,99.72,82.42,17.3,17.35,131.46,13109.02,2274.22,9,85,4.09
2024-05-18,2024,5,18,Saturday,20,Lunch,Fried Rice,4.2,Sunny,31.5,True,False,True,False,True,False,800,334,40.77,128.59,105.86,22.73,17.67,83.28,10709.22,1892.76,10,86,4.29
2024-05-18,2024,5,18,Saturday,20,Dinner,Roti-Paneer,4.0,Sunny,31.5,True,False,True,False,True,False,800,267,34.71,102.8,86.78,16.02,15.58,102.31,10517.1,1638.94,11,71,3.92
2024-05-19,2024,5,19,Sunday,20,Breakfast,Puri-Bhaji,4.3,Sunny,26.5,True,False,True,False,True,False,800,239,31.06,92.02,77.41,14.6,15.87,113.15,10411.16,1652.14,9,64,4.45
2024-05-19,2024,5,19,Sunday,20,Lunch,Rice-Chicken,4.7,Sunny,26.5,True,False,True,False,True,False,800,332,40.32,127.82,100.45,27.37,21.41,112.41,14368.47,3077.01,8,80,4.53
2024-05-19,2024,5,19,Sunday,20,Dinner,Khichdi,3.0,Sunny,26.5,True,False,True,False,True,False,800,199,25.82,76.61,62.1,14.51,18.94,117.1,8971.57,1699.29,11,60,3.26
2024-05-20,2024,5,20,Monday,21,Breakfast,Idli-Sambar,3.9,Sunny,28.9,True,False,False,False,True,False,800,404,43.38,155.54,121.31,34.23,22.01,111.49,17340.39,3816.35,10,50,4.02
2024-05-20,2024,5,20,Monday,21,Lunch,Rice-Dal-Sabzi,3.4,Sunny,28.9,True,False,False,False,True,False,800,408,47.79,157.08,133.22,23.86,15.19,83.61,13133.08,1994.55,11,88,3.7
2024-05-20,2024,5,20,Monday,21,Dinner,Roti-Dal,3.3,Sunny,28.9,True,False,False,False,True,False,800,321,41.31,123.59,95.94,27.64,22.37,85.09,10516.45,2352.29,12,87,3.61
2024-05-21,2024,5,21,Tuesday,21,Breakfast,Poha,3.7,Sunny,31.6,True,False,False,False,True,False,800,335,43.44,128.97,109.86,19.12,14.82,103.31,13324.09,1975.02,8,58,4.06
2024-05-21,2024,5,21,Tuesday,21,Lunch,Roti-Paneer,4.0,Sunny,31.6,True,False,False,False,True,False,800,373,55.79,143.6,123.53,20.08,13.98,88.21,12667.7,1771.09,11,60,4.16
2024-05-21,2024,5,21,Tuesday,21,Dinner,Rice-Rajma,3.8,Sunny,31.6,True,False,False,False,True,False,800,348,47.44,133.98,112.1,21.88,16.33,107.76,14438.25,2357.68,9,80,3.85
2024-05-22,2024,5,22,Wednesday,21,Breakfast,Upma,3.5,Sunny,22.4,True,False,False,False,True,False,800,315,40.7,121.28,98.85,22.42,18.49,125.41,15209.16,2811.97,10,61,3.66
2024-05-22,2024,5,22,Wednesday,21,Lunch,Rice-Sambar,3.6,Sunny,22.4,True,False,False,False,True,False,800,403,50.41,155.16,132.34,22.81,14.7,112.62,17473.6,2568.92,11,65,3.98
2024-05-22,2024,5,22,Wednesday,21,Dinner,Paratha-Paneer,4.1,Sunny,22.4,True,False,False,False,True,False,800,442,48.84,170.17,137.23,32.94,19.36,108.98,18544.29,3589.66,12,59,4.25
2024-05-23,2024,5,23,Thursday,21,Breakfast,Dosa,4.6,Sunny,29.0,True,False,False,False,True,False,800,379,48.34,145.92,120.09,25.82,17.7,120.88,17638.53,3121.52,11,63,4.34
2024-05-23,2024,5,23,Thursday,21,Lunch,Biryani,4.8,Sunny,29.0,True,False,False,False,True,False,800,517,60.63,199.05,159.78,39.27,19.73,106.59,21215.96,4185.59,9,76,4.66
2024-05-23,2024,5,23,Thursday,21,Dinner,Rice-Curd-Pickle,3.2,Sunny,29.0,True,False,False,False,True,False,800,262,39.91,100.87,86.6,14.27,14.15,103.63,10453.11,1479.15,11,86,3.62
2024-05-24,2024,5,24,Friday,21,Breakfast,Paratha-Curry,3.7,Sunny,28.7,True,False,False,False,True,False,800,306,36.2,117.81,98.88,18.93,16.07,104.65,12329.09,1980.76,9,79,3.86
2024-05-24,2024,5,24,Friday,21,Lunch,Chole-Bhature,4.5,Sunny,28.7,True,False,False,False,True,False,800,357,50.72,137.44,117.66,19.78,14.39,117.95,16211.58,2333.14,8,78,4.22
2024-05-24,2024,5,24,Friday,21,Dinner,Noodles,4.2,Sunny,28.7,True,False,False,False,True,False,800,371,42.51,142.84,121.37,21.47,15.03,146.16,20877.22,3137.85,8,45,4.18
2024-05-25,2024,5,25,Saturday,21,Breakfast,Bread-Omelette,3.9,Cloudy,29.0,True,False,True,False,True,False,800,245,31.81,94.33,74.87,19.45,20.62,129.5,12215.26,2519.19,8,58,4.01
2024-05-25,2024,5,25,Saturday,21,Lunch,Fried Rice,4.2,Cloudy,29.0,True,False,True,False,True,False,800,342,40.77,131.67,106.21,25.46,19.33,123.25,16228.13,3137.63,12,75,4.29
2024-05-25,2024,5,25,Saturday,21,Dinner,Roti-Paneer,4.0,Cloudy,29.0,True,False,True,False,True,False,800,327,34.71,125.89,97.46,28.43,22.58,117.25,14761.8,3333.84,11,45,3.86
2024-05-26,2024,5,26,Sunday,21,Breakfast,Puri-Bhaji,4.3,Cloudy,28.5,True,False,True,False,True,False,800,252,31.06,97.02,79.7,17.32,17.86,100.07,9708.62,1733.66,12,89,4.36
2024-05-26,2024,5,26,Sunday,21,Lunch,Rice-Chicken,4.7,Cloudy,28.5,True,False,True,False,True,False,800,310,40.32,119.35,100.97,18.38,15.4,143.68,17148.7,2640.64,8,51,4.58
2024-05-26,2024,5,26,Sunday,21,Dinner,Khichdi,3.0,Cloudy,28.5,True,False,True,False,True,False,800,191,25.82,73.53,58.43,15.1,20.54,123.38,9073.09,1863.31,10,67,3.27
2024-05-27,2024,5,27,Monday,22,Breakfast,Idli-Sambar,3.9,Sunny,30.5,True,False,False,False,True,False,800,323,43.38,124.36,100.31,24.05,19.34,108.42,13482.81,2607.02,12,60,4.23
2024-05-27,2024,5,27,Monday,22,Lunch,Rice-Dal-Sabzi,3.4,Sunny,30.5,True,False,False,False,True,False,800,384,47.79,147.84,117.28,30.56,20.67,127.88,18906.21,3908.67,8,86,3.88
2024-05-27,2024,5,27,Monday,22,Dinner,Roti-Dal,3.3,Sunny,30.5,True,False,False,False,True,False,800,317,41.31,122.05,101.52,20.53,16.82,82.22,10034.29,1687.68,11,69,3.53
2024-05-28,2024,5,28,Tuesday,22,Breakfast,Poha,3.7,Sunny,29.4,True,False,False,False,True,False,800,356,43.44,137.06,113.84,23.22,16.94,129.2,17708.04,2999.5,8,76,4.02
2024-05-28,2024,5,28,Tuesday,22,Lunch,Roti-Paneer,4.0,Sunny,29.4,True,False,False,False,True,False,800,483,55.79,185.95,154.59,31.36,16.86,103.19,19188.5,3236.04,8,78,4.26
2024-05-28,2024,5,28,Tuesday,22,Dinner,Rice-Rajma,3.8,Sunny,29.4,True,False,False,False,True,False,800,363,47.44,139.75,110.91,28.84,20.64,143.09,19997.42,4127.16,12,75,3.83
2024-05-29,2024,5,29,Wednesday,22,Breakfast,Upma,3.5,Rainy,27.2,True,False,False,False,True,False,800,329,44.77,126.67,105.76,20.91,16.51,99.63,12619.14,2082.81,12,81,3.8
2024-05-29,2024,5,29,Wednesday,22,Lunch,Rice-Sambar,3.6,Rainy,27.2,True,False,False,False,True,False,800,427,55.45,164.4,129.71,34.68,21.1,139.53,22938.02,4839.18,8,58,3.83
2024-05-29,2024,5,29,Wednesday,22,Dinner,Paratha-Paneer,4.1,Rainy,27.2,True,False,False,False,True,False,800,441,53.72,169.78,142.81,26.98,15.89,129.89,22053.34,3503.97,11,49,4.05
2024-05-30,2024,5,30,Thursday,22,Breakfast,Dosa,4.6,Sunny,30.3,True,False,False,False,True,False,800,357,48.34,137.44,113.29,24.16,17.58,139.46,19168.21,3368.91,12,66,4.44
2024-05-30,2024,5,30,Thursday,22,Lunch,Biryani,4.8,Sunny,30.3,True,False,False,False,True,False,800,518,60.63,199.43,167.52,31.91,16.0,135.33,26989.83,4319.0,8,77,4.75
2024-05-30,2024,5,30,Thursday,22,Dinner,Rice-Curd-Pickle,3.2,Sunny,30.3,True,False,False,False,True,False,800,353,39.91,135.91,109.29,26.61,19.58,86.84,11801.72,2311.14,9,49,3.44
2024-05-31,2024,5,31,Friday,22,Breakfast,Paratha-Curry,3.7,Cloudy,29.2,True,False,False,False,True,False,800,332,36.2,127.82,109.87,17.95,14.05,107.77,13775.06,1934.95,10,46,3.93
2024-05-31,2024,5,31,Friday,22,Lunch,Chole-Bhature,4.5,Cloudy,29.2,True,False,False,False,True,False,800,379,50.72,145.92,123.15,22.77,15.6,111.54,16275.14,2539.59,9,67,4.45
2024-05-31,2024,5,31,Friday,22,Dinner,Noodles,4.2,Cloudy,29.2,True,False,False,False,True,False,800,306,42.51,117.81,95.06,22.75,19.31,93.0,10956.52,2116.18,12,87,4.16
2024-06-01,2024,6,1,Saturday,22,Breakfast,Bread-Omelette,3.9,Cloudy,18.7,False,False,True,False,False,True,800,371,41.58,142.84,114.21,28.63,20.04,97.25,13890.92,2784.02,8,50,3.9
2024-06-01,2024,6,1,Saturday,22,Lunch,Fried Rice,4.2,Cloudy,18.7,False,False,True,False,False,True,800,448,53.3,172.48,139.24,33.24,19.27,134.87,23262.78,4483.37,9,69,4.13
2024-06-01,2024,6,1,Saturday,22,Dinner,Roti-Paneer,4.0,Cloudy,18.7,False,False,True,False,False,True,800,361,45.38,138.99,108.74,30.24,21.76,80.36,11169.34,2430.3,10,73,4.01
2024-06-02,2024,6,2,Sunday,22,Breakfast,Puri-Bhaji,4.3,Rainy,24.8,False,False,True,False,False,True,800,324,44.66,124.74,97.89,26.85,21.52,93.12,11615.47,2499.96,11,80,4.31
2024-06-02,2024,6,2,Sunday,22,Lunch,Rice-Chicken,4.7,Rainy,24.8,False,False,True,False,False,True,800,553,57.97,212.91,172.42,40.49,19.02,81.84,17423.79,3313.62,10,80,4.38
2024-06-02,2024,6,2,Sunday,22,Dinner,Khichdi,3.0,Rainy,24.8,False,False,True,False,False,True,800,300,37.12,115.5,95.53,19.97,17.29,102.71,11863.02,2051.18,11,45,3.28
2024-06-03,2024,6,3,Monday,23,Breakfast,Idli-Sambar,3.9,Rainy,24.3,False,False,False,False,False,True,800,526,62.37,202.51,158.04,44.47,21.96,143.08,28975.03,6362.13,9,81,4.01
2024-06-03,2024,6,3,Monday,23,Lunch,Rice-Dal-Sabzi,3.4,Rainy,24.3,False,False,False,False,False,True,800,570,68.72,219.45,183.25,36.2,16.5,91.87,20159.8,3325.79,10,64,3.55
2024-06-03,2024,6,3,Monday,23,Dinner,Roti-Dal,3.3,Rainy,24.3,False,False,False,False,False,True,800,483,59.4,185.95,146.16,39.8,21.4,91.7,17052.91,3649.42,10,71,3.49
2024-06-04,2024,6,4,Tuesday,23,Breakfast,Poha,3.7,Cloudy,21.6,False,False,False,False,False,True,800,471,56.78,181.34,146.08,35.26,19.44,146.1,26492.24,5151.24,11,83,3.92
2024-06-04,2024,6,4,Tuesday,23,Lunch,Roti-Paneer,4.0,Cloudy,21.6,False,False,False,False,False,True,800,670,72.93,257.95,210.06,47.89,18.56,89.48,23082.47,4285.24,8,70,4.0
2024-06-04,2024,6,4,Tuesday,23,Dinner,Rice-Rajma,3.8,Cloudy,21.6,False,False,False,False,False,True,800,549,62.01,211.36,175.24,36.12,17.09,136.29,28805.95,4922.7,10,73,3.86
2024-06-05,2024,6,5,Wednesday,23,Breakfast,Upma,3.5,Sunny,28.8,False,False,False,False,False,True,800,407,53.2,156.69,133.33,23.37,14.91,148.2,23221.54,3463.16,9,64,3.64
2024-06-05,2024,6,5,Wednesday,23,Lunch,Rice-Sambar,3.6,Sunny,28.8,False,False,False,False,False,True,800,485,65.89,186.73,160.37,26.36,14.12,94.06,17563.28,2479.17,10,56,4.0
2024-06-05,2024,6,5,Wednesday,23,Dinner,Paratha-Paneer,4.1,Sunny,28.8,False,False,False,False,False,True,800,504,63.84,194.04,167.03,27.01,13.92,100.4,19481.88,2712.01,11,81,4.27
2024-06-06,2024,6,6,Thursday,23,Breakfast,Dosa,4.6,Rainy,24.2,False,False,False,False,False,True,800,604,69.52,232.54,185.62,46.92,20.18,135.01,31395.38,6335.3,10,52,4.69
2024-06-06,2024,6,6,Thursday,23,Lunch,Biryani,4.8,Rainy,24.2,False,False,False,False,False,True,800,602,87.18,231.77,183.3,48.47,20.91,149.81,34721.13,7260.5,9,88,4.76
2024-06-06,2024,6,6,Thursday,23,Dinner,Rice-Curd-Pickle,3.2,Rainy,24.2,False,False,False,False,False,True,800,515,57.39,198.28,153.7,44.58,22.48,130.9,25955.18,5835.39,9,73,3.65
2024-06-07,2024,6,7,Friday,23,Breakfast,Paratha-Curry,3.7,Sunny,23.5,False,False,False,False,False,True,800,365,47.32,140.53,109.47,31.05,22.1,139.35,19581.48,4327.22,11,88,3.86
2024-06-07,2024,6,7,Friday,23,Lunch,Chole-Bhature,4.5,Sunny,23.5,False,False,False,False,False,True,800,487,66.3,187.5,155.68,31.82,16.97,96.94,18176.04,3084.41,9,90,4.39
2024-06-07,2024,6,7,Friday,23,Dinner,Noodles,4.2,Sunny,23.5,False,False,False,False,False,True,800,385,55.58,148.23,119.62,28.61,19.3,111.43,16517.4,3187.87,12,75,4.25
2024-06-08,2024,6,8,Saturday,23,Breakfast,Bread-Omelette,3.9,Cloudy,26.5,False,False,True,False,False,True,800,333,41.58,128.21,109.83,18.37,14.33,140.87,18060.8,2588.45,11,79,3.8
2024-06-08,2024,6,8,Saturday,23,Lunch,Fried Rice,4.2,Cloudy,26.5,False,False,True,False,False,True,800,382,53.3,147.07,126.59,20.48,13.92,129.11,18988.85,2643.89,12,83,4.28
2024-06-08,2024,6,8,Saturday,23,Dinner,Roti-Paneer,4.0,Cloudy,26.5,False,False,True,False,False,True,800,325,45.38,125.12,97.65,27.47,21.95,133.83,16745.08,3676.33,10,55,4.14
2024-06-09,2024,6,9,Sunday,23,Breakfast,Puri-Bhaji,4.3,Rainy,23.0,False,False,True,False,False,True,800,404,44.66,155.54,134.1,21.44,13.79,127.42,19819.38,2732.18,11,66,4.49
2024-06-09,2024,6,9,Sunday,23,Lunch,Rice-Chicken,4.7,Rainy,23.0,False,False,True,False,False,True,800,453,57.97,174.41,141.59,32.81,18.81,80.74,14081.17,2649.24,10,59,4.57
2024-06-09,2024,6,9,Sunday,23,Dinner,Khichdi,3.0,Rainy,23.0,False,False,True,False,False,True,800,261,37.12,100.48,82.39,18.1,18.01,120.64,12122.14,2183.31,12,59,3.35
2024-06-10,2024,6,10,Monday,24,Breakfast,Idli-Sambar,3.9,Rainy,23.3,False,False,False,False,False,True,800,487,62.37,187.5,158.05,29.45,15.71,121.2,22724.64,3569.13,12,54,3.94
2024-06-10,2024,6,10,Monday,24,Lunch,Rice-Dal-Sabzi,3.4,Rainy,23.3,False,False,False,False,False,True,800,430,68.72,165.55,128.29,37.26,22.5,87.32,14455.57,3253.08,11,50,3.48
2024-06-10,2024,6,10,Monday,24,Dinner,Roti-Dal,3.3,Rainy,23.3,False,False,False,False,False,True,800,472,59.4,181.72,155.96,25.76,14.18,89.92,16339.76,2316.27,10,66,3.56
2024-06-11,2024,6,11,Tuesday,24,Breakfast,Poha,3.7,Rainy,23.3,False,False,False,False,False,True,800,526,62.46,202.51,165.38,37.13,18.34,113.33,22950.74,4208.49,11,89,3.84
2024-06-11,2024,6,11,Tuesday,24,Lunch,Roti-Paneer,4.0,Rainy,23.3,False,False,False,False,False,True,800,735,80.22,282.98,220.39,62.58,22.12,83.13,23523.09,5202.51,8,46,4.23
2024-06-11,2024,6,11,Tuesday,24,Dinner,Rice-Rajma,3.8,Rainy,23.3,False,False,False,False,False,True,800,594,68.21,228.69,190.19,38.5,16.84,127.4,29135.05,4905.36,9,60,3.94
2024-06-12,2024,6,12,Wednesday,24,Breakfast,Upma,3.5,Cloudy,23.2,False,False,False,False,False,True,800,387,53.2,149.0,119.62,29.38,19.72,109.85,16366.48,3227.19,11,59,3.86
2024-06-12,2024,6,12,Wednesday,24,Lunch,Rice-Sambar,3.6,Cloudy,23.2,False,False,False,False,False,True,800,635,65.89,244.48,202.91,41.57,17.0,93.05,22747.69,3867.6,11,70,3.58
2024-06-12,2024,6,12,Wednesday,24,Dinner,Paratha-Paneer,4.1,Cloudy,23.2,False,False,False,False,False,True,800,512,63.84,197.12,163.32,33.8,17.14,93.81,18492.36,3170.42,12,72,4.09
2024-06-13,2024,6,13,Thursday,24,Breakfast,Dosa,4.6,Cloudy,24.0,False,False,False,False,False,True,800,504,63.2,194.04,153.57,40.47,20.86,132.66,25741.89,5368.86,8,81,4.32
2024-06-13,2024,6,13,Thursday,24,Lunch,Biryani,4.8,Cloudy,24.0,False,False,False,False,False,True,800,644,79.25,247.94,211.24,36.7,14.8,93.09,23080.04,3415.89,10,57,4.62
2024-06-13,2024,6,13,Thursday,24,Dinner,Rice-Curd-Pickle,3.2,Cloudy,24.0,False,False,False,False,False,True,800,412,52.17,158.62,126.35,32.27,20.34,140.38,22267.8,4529.77,12,85,3.43
2024-06-14,2024,6,14,Friday,24,Breakfast,Paratha-Curry,3.7,Rainy,22.3,False,False,False,False,False,True,800,397,52.05,152.84,123.56,29.28,19.16,88.0,13449.79,2576.8,10,74,3.92
2024-06-14,2024,6,14,Friday,24,Lunch,Chole-Bhature,4.5,Rainy,22.3,False,False,False,False,False,True,800,581,72.93,223.69,189.39,34.29,15.33,129.42,28949.13,4437.8,10,84,4.47
2024-06-14,2024,6,14,Friday,24,Dinner,Noodles,4.2,Rainy,22.3,False,False,False,False,False,True,800,467,61.13,179.8,149.92,29.88,16.62,101.92,18325.25,3045.14,9,64,4.04
2024-06-15,2024,6,15,Saturday,24,Breakfast,Bread-Omelette,3.9,Rainy,21.9,False,False,True,False,False,True,800,368,45.74,141.68,111.3,30.38,21.44,107.19,15187.02,3256.43,12,53,4.04
2024-06-15,2024,6,15,Saturday,24,Lunch,Fried Rice,4.2,Rainy,21.9,False,False,True,False,False,True,800,458,58.62,176.33,143.04,33.29,18.88,114.07,20113.42,3797.71,12,89,4.4
2024-06-15,2024,6,15,Saturday,24,Dinner,Roti-Paneer,4.0,Rainy,21.9,False,False,True,False,False,True,800,447,49.91,172.09,147.54,24.55,14.27,92.13,15854.5,2261.87,9,76,3.98
2024-06-16,2024,6,16,Sunday,24,Breakfast,Puri-Bhaji,4.3,Rainy,16.0,False,False,True,False,False,True,800,388,44.66,149.38,126.86,22.52,15.07,123.36,18427.32,2777.52,10,45,4.28
2024-06-16,2024,6,16,Sunday,24,Lunch,Rice-Chicken,4.7,Rainy,16.0,False,False,True,False,False,True,800,509,57.97,195.97,154.9,41.06,20.95,106.88,20943.97,4388.47,12,77,4.63
2024-06-16,2024,6,16,Sunday,24,Dinner,Khichdi,3.0,Rainy,16.0,False,False,True,False,False,True,800,247,37.12,95.09,77.02,18.08,19.01,114.42,10880.85,2068.22,11,76,3.23
2024-06-17,2024,6,17,Monday,25,Breakfast,Idli-Sambar,3.9,Cloudy,23.0,False,False,False,False,False,True,800,439,56.7,169.01,142.83,26.18,15.49,95.44,16130.3,2498.9,8,62,3.88
2024-06-17,2024,6,17,Monday,25,Lunch,Rice-Dal-Sabzi,3.4,Cloudy,23.0,False,False,False,False,False,True,800,442,62.47,170.17,135.96,34.21,20.1,134.65,22913.7,4606.34,12,76,3.68
2024-06-17,2024,6,17,Monday,25,Dinner,Roti-Dal,3.3,Cloudy,23.0,False,False,False,False,False,True,800,405,54.0,155.93,122.09,33.83,21.7,87.99,13720.54,2977.09,12,68,3.6
2024-06-18,2024,6,18,Tuesday,25,Breakfast,Poha,3.7,Cloudy,20.7,False,False,False,False,False,True,800,517,56.78,199.05,167.56,31.49,15.82,110.9,22073.23,3491.57,9,72,3.69
2024-06-18,2024,6,18,Tuesday,25,Lunch,Roti-Paneer,4.0,Cloudy,20.7,False,False,False,False,False,True,800,626,72.93,241.01,204.42,36.59,15.18,132.59,31956.52,4851.38,10,47,4.05
2024-06-18,2024,6,18,Tuesday,25,Dinner,Rice-Rajma,3.8,Cloudy,20.7,False,False,False,False,False,True,800,546,62.01,210.21,169.1,41.11,19.56,137.17,28834.72,5639.61,11,52,4.06
2024-06-19,2024,6,19,Wednesday,25,Breakfast,Upma,3.5,Rainy,26.2,False,False,False,False,False,True,800,425,58.52,163.62,138.5,25.13,15.36,121.15,19823.93,3044.41,10,90,3.77
2024-06-19,2024,6,19,Wednesday,25,Lunch,Rice-Sambar,3.6,Rainy,26.2,False,False,False,False,False,True,800,554,72.48,213.29,173.12,40.17,18.83,123.13,26262.52,4946.51,9,58,3.93
2024-06-19,2024,6,19,Wednesday,25,Dinner,Paratha-Paneer,4.1,Rainy,26.2,False,False,False,False,False,True,800,582,70.22,224.07,184.76,39.31,17.54,117.26,26274.37,4609.78,12,79,4.0
2024-06-20,2024,6,20,Thursday,25,Breakfast,Dosa,4.6,Sunny,20.3,False,False,False,False,False,True,800,533,63.2,205.2,164.03,41.18,20.07,120.09,24643.37,4945.18,12,88,4.64
2024-06-20,2024,6,20,Thursday,25,Lunch,Biryani,4.8,Sunny,20.3,False,False,False,False,False,True,800,621,79.25,239.09,187.69,51.39,21.49,132.51,31680.34,6809.58,11,48,4.86
2024-06-20,2024,6,20,Thursday,25,Dinner,Rice-Curd-Pickle,3.2,Sunny,20.3,False,False,False,False,False,True,800,404,52.17,155.54,132.45,23.09,14.85,88.88,13824.73,2052.28,9,60,3.36
2024-06-21,2024,6,21,Friday,25,Breakfast,Paratha-Curry,3.7,Rainy,26.1,False,False,False,False,False,True,800,430,52.05,165.55,131.65,33.9,20.48,139.05,23019.54,4713.66,11,76,3.7
2024-06-21,2024,6,21,Friday,25,Lunch,Chole-Bhature,4.5,Rainy,26.1,False,False,False,False,False,True,800,566,72.93,217.91,180.91,37.0,16.98,123.95,27009.27,4585.68,11,73,4.23
2024-06-21,2024,6,21,Friday,25,Dinner,Noodles,4.2,Rainy,26.1,False,False,False,False,False,True,800,534,61.13,205.59,173.72,31.87,15.5,133.82,27512.44,4265.43,11,77,4.33
2024-06-22,2024,6,22,Saturday,25,Breakfast,Bread-Omelette,3.9,Cloudy,20.8,False,False,True,False,False,True,800,348,41.58,133.98,114.22,19.76,14.75,111.83,14982.81,2210.21,11,65,4.04
2024-06-22,2024,6,22,Saturday,25,Lunch,Fried Rice,4.2,Cloudy,20.8,False,False,True,False,False,True,800,446,53.3,171.71,146.25,25.46,14.83,139.3,23919.5,3546.81,8,74,4.28
2024-06-22,2024,6,22,Saturday,25,Dinner,Roti-Paneer,4.0,Cloudy,20.8,False,False,True,False,False,True,800,354,45.38,136.29,113.95,22.34,16.39,139.51,19013.47,3115.98,12,70,3.95
2024-06-23,2024,6,23,Sunday,25,Breakfast,Puri-Bhaji,4.3,Rainy,25.0,False,False,True,False,False,True,800,321,44.66,123.59,97.88,25.71,20.8,98.8,12209.9,2539.82,10,66,4.31
2024-06-23,2024,6,23,Sunday,25,Lunch,Rice-Chicken,4.7,Rainy,25.0,False,False,True,False,False,True,800,497,57.97,191.34,150.13,41.22,21.54,139.67,26725.08,5756.6,10,88,4.68
2024-06-23,2024,6,23,Sunday,25,Dinner,Khichdi,3.0,Rainy,25.0,False,False,True,False,False,True,800,292,37.12,112.42,87.34,25.08,22.31,123.83,13921.26,3105.78,11,46,3.21
2024-06-24,2024,6,24,Monday,26,Breakfast,Idli-Sambar,3.9,Sunny,22.4,False,False,False,False,False,True,800,491,56.7,189.03,153.66,35.38,18.72,80.05,15131.74,2831.99,11,57,4.23
2024-06-24,2024,6,24,Monday,26,Lunch,Rice-Dal-Sabzi,3.4,Sunny,22.4,False,False,False,False,False,True,800,470,62.47,180.95,154.78,26.17,14.46,141.75,25649.72,3708.93,10,55,3.82
2024-06-24,2024,6,24,Monday,26,Dinner,Roti-Dal,3.3,Sunny,22.4,False,False,False,False,False,True,800,383,54.0,147.45,125.69,21.76,14.76,86.53,12759.84,1883.13,10,61,3.4
2024-06-25,2024,6,25,Tuesday,26,Breakfast,Poha,3.7,Cloudy,19.3,False,False,False,False,False,True,800,476,56.78,183.26,152.42,30.84,16.83,83.63,15325.14,2578.93,10,89,3.98
2024-06-25,2024,6,25,Tuesday,26,Lunch,Roti-Paneer,4.0,Cloudy,19.3,False,False,False,False,False,True,800,523,72.93,201.35,163.45,37.91,18.83,86.38,17393.84,3274.42,8,45,3.95
2024-06-25,2024,6,25,Tuesday,26,Dinner,Rice-Rajma,3.8,Cloudy,19.3,False,False,False,False,False,True,800,565,62.01,217.53,169.63,47.9,22.02,121.56,26441.81,5822.15,12,88,3.91
2024-06-26,2024,6,26,Wednesday,26,Breakfast,Upma,3.5,Rainy,17.8,False,False,False,False,False,True,800,531,58.52,204.44,164.36,40.08,19.6,88.44,18080.55,3544.49,11,89,3.56
2024-06-26,2024,6,26,Wednesday,26,Lunch,Rice-Sambar,3.6,Rainy,17.8,False,False,False,False,False,True,800,588,72.48,226.38,176.39,49.99,22.08,106.81,24180.76,5339.93,8,51,3.71
2024-06-26,2024,6,26,Wednesday,26,Dinner,Paratha-Paneer,4.1,Rainy,17.8,False,False,False,False,False,True,800,556,70.22,214.06,182.55,31.51,14.72,89.6,19179.57,2822.9,9,86,4.37
2024-06-27,2024,6,27,Thursday,26,Breakfast,Dosa,4.6,Rainy,22.4,False,False,False,False,False,True,800,573,69.52,220.6,181.11,39.5,17.9,80.59,17779.27,3183.28,9,73,4.43
2024-06-27,2024,6,27,Thursday,26,Lunch,Biryani,4.8,Rainy,22.4,False,False,False,False,False,True,800,694,87.18,267.19,211.64,55.55,20.79,132.38,35370.3,7353.63,11,84,4.72
2024-06-27,2024,6,27,Thursday,26,Dinner,Rice-Curd-Pickle,3.2,Rainy,22.4,False,False,False,False,False,True,800,499,57.39,192.11,163.47,28.64,14.91,86.07,16534.99,2465.27,8,53,3.63
2024-06-28,2024,6,28,Friday,26,Breakfast,Paratha-Curry,3.7,Cloudy,24.3,False,False,False,False,False,True,800,382,47.32,147.07,118.78,28.29,19.24,147.43,21682.15,4170.79,10,53,3.75
2024-06-28,2024,6,28,Friday,26,Lunch,Chole-Bhature,4.5,Cloudy,24.3,False,False,False,False,False,True,800,514,66.3,197.89,164.51,33.38,16.87,97.37,19268.88,3250.1,12,83,4.52
2024-06-28,2024,6,28,Friday,26,Dinner,Noodles,4.2,Cloudy,24.3,False,False,False,False,False,True,800,441,55.58,169.78,135.6,34.19,20.14,145.89,24769.86,4987.93,8,87,4.38
2024-06-29,2024,6,29,Saturday,26,Breakfast,Bread-Omelette,3.9,Rainy,24.9,False,False,True,False,False,True,800,315,45.74,121.28,100.4,20.87,17.21,93.21,11303.47,1945.3,11,63,4.07
2024-06-29,2024,6,29,Saturday,26,Lunch,Fried Rice,4.2,Rainy,24.9,False,False,True,False,False,True,800,417,58.62,160.54,135.5,25.05,15.6,135.56,21764.2,3395.61,9,76,4.16
2024-06-29,2024,6,29,Saturday,26,Dinner,Roti-Paneer,4.0,Rainy,24.9,False,False,True,False,False,True,800,422,49.91,162.47,129.11,33.36,20.54,124.67,20254.45,4159.38,8,78,4.25
2024-06-30,2024,6,30,Sunday,26,Breakfast,Puri-Bhaji,4.3,Rainy,24.5,False,False,True,False,False,True,800,351,44.66,135.13,108.86,26.28,19.44,102.15,13804.46,2684.22,11,81,4.25
2024-06-30,2024,6,30,Sunday,26,Lunch,Rice-Chicken,4.7,Rainy,24.5,False,False,True,False,False,True,800,463,57.97,178.25,146.6,31.66,17.76,92.09,16416.2,2915.58,11,49,4.35
2024-06-30,2024,6,30,Sunday,26,Dinner,Khichdi,3.0,Rainy,24.5,False,False,True,False,False,True,800,305,37.12,117.43,91.46,25.97,22.11,98.35,11549.1,2553.89,8,48,3.58
2024-07-01,2024,7,1,Monday,27,Breakfast,Idli-Sambar,3.9,Rainy,22.4,False,False,False,False,False,True,800,466,62.37,179.41,143.31,36.1,20.12,129.88,23302.49,4689.12,11,72,4.1
2024-07-01,2024,7,1,Monday,27,Lunch,Rice-Dal-Sabzi,3.4,Rainy,22.4,False,False,False,False,False,True,800,557,68.72,214.44,167.31,47.13,21.98,117.56,25210.05,5540.65,12,54,3.55
2024-07-01,2024,7,1,Monday,27,Dinner,Roti-Dal,3.3,Rainy,22.4,False,False,False,False,False,True,800,437,59.4,168.25,134.75,33.5,19.91,115.79,19481.31,3878.72,9,54,3.6
2024-07-02,2024,7,2,Tuesday,27,Breakfast,Poha,3.7,Rainy,25.2,False,False,False,False,False,True,800,431,62.46,165.94,137.79,28.14,16.96,138.42,22968.2,3895.63,8,64,3.95
2024-07-02,2024,7,2,Tuesday,27,Lunch,Roti-Paneer,4.0,Rainy,25.2,False,False,False,False,False,True,800,693,80.22,266.81,223.87,42.93,16.09,139.25,37153.33,5978.45,8,60,3.89
2024-07-02,2024,7,2,Tuesday,27,Dinner,Rice-Rajma,3.8,Rainy,25.2,False,False,False,False,False,True,800,565,68.21,217.53,176.68,40.85,18.78,111.74,24305.38,4563.92,12,48,3.85
2024-07-03,2024,7,3,Wednesday,27,Breakfast,Upma,3.5,Cloudy,24.8,False,False,False,False,False,True,800,458,53.2,176.33,148.13,28.2,15.99,88.36,15580.7,2491.98,9,89,3.51
2024-07-03,2024,7,3,Wednesday,27,Lunch,Rice-Sambar,3.6,Cloudy,24.8,False,False,False,False,False,True,800,597,65.89,229.84,187.98,41.86,18.21,104.27,23965.79,4365.23,12,61,3.65
2024-07-03,2024,7,3,Wednesday,27,Dinner,Paratha-Paneer,4.1,Cloudy,24.8,False,False,False,False,False,True,800,551,63.84,212.14,166.37,45.76,21.57,134.68,28570.06,6163.52,10,52,4.27
2024-07-04,2024,7,4,Thursday,27,Breakfast,Dosa,4.6,Rainy,18.5,False,False,False,False,False,True,800,499,69.52,192.11,162.55,29.57,15.39,99.04,19026.81,2928.21,8,61,4.59
2024-07-04,2024,7,4,Thursday,27,Lunch,Biryani,4.8,Rainy,18.5,False,False,False,False,False,True,800,662,87.18,254.87,210.31,44.56,17.48,85.39,21764.6,3805.54,11,77,4.57
2024-07-04,2024,7,4,Thursday,27,Dinner,Rice-Curd-Pickle,3.2,Rainy,18.5,False,False,False,False,False,True,800,459,57.39,176.72,144.58,32.14,18.19,119.68,21149.61,3846.13,10,55,3.4
2024-07-05,2024,7,5,Friday,27,Breakfast,Paratha-Curry,3.7,Rainy,25.6,False,False,False,False,False,True,800,391,52.05,150.53,124.18,26.36,17.51,130.59,19659.04,3442.28,9,77,3.64
2024-07-05,2024,7,5,Friday,27,Lunch,Chole-Bhature,4.5,Rainy,25.6,False,False,False,False,False,True,800,591,72.93,227.54,193.58,33.95,14.92,80.86,18398.52,2745.24,8,75,4.36
2024-07-05,2024,7,5,Friday,27,Dinner,Noodles,4.2,Rainy,25.6,False,False,False,False,False,True,800,459,61.13,176.72,151.34,25.38,14.36,92.53,16350.96,2348.26,8,80,4.35
2024-07-06,2024,7,6,Saturday,27,Breakfast,Bread-Omelette,3.9,Cloudy,22.2,False,False,True,False,False,True,800,294,41.58,113.19,94.21,18.98,16.77,95.72,10834.1,1816.48,9,71,4.19
2024-07-06,2024,7,6,Saturday,27,Lunch,Fried Rice,4.2,Cloudy,22.2,False,False,True,False,False,True,800,394,53.3,151.69,121.63,30.06,19.82,137.82,20905.88,4143.29,12,68,4.04
2024-07-06,2024,7,6,Saturday,27,Dinner,Roti-Paneer,4.0,Cloudy,22.2,False,False,True,False,False,True,800,323,45.38,124.36,103.7,20.65,16.61,83.69,10406.9,1728.18,9,78,4.29
2024-07-07,2024,7,7,Sunday,27,Breakfast,Puri-Bhaji,4.3,Sunny,21.1,False,False,True,False,False,True,800,351,40.6,135.13,105.27,29.87,22.1,112.56,15210.34,3361.59,10,64,4.21
2024-07-07,2024,7,7,Sunday,27,Lunch,Rice-Chicken,4.7,Sunny,21.1,False,False,True,False,False,True,800,389,52.7,149.76,123.26,26.51,17.7,80.56,12064.75,2135.36,9,63,4.59
2024-07-07,2024,7,7,Sunday,27,Dinner,Khichdi,3.0,Sunny,21.1,False,False,True,False,False,True,800,326,33.75,125.51,100.45,25.06,19.96,123.59,15511.81,3096.85,11,68,3.42
2024-07-08,2024,7,8,Monday,28,Breakfast,Idli-Sambar,3.9,Rainy,25.5,False,False,False,False,False,True,800,505,62.37,194.43,163.89,30.53,15.7,93.68,18213.65,2860.18,12,60,3.85
2024-07-08,2024,7,8,Monday,28,Lunch,Rice-Dal-Sabzi,3.4,Rainy,25.5,False,False,False,False,False,True,800,511,68.72,196.74,168.7,28.04,14.25,81.67,16068.08,2289.85,12,67,3.72
2024-07-08,2024,7,8,Monday,28,Dinner,Roti-Dal,3.3,Rainy,25.5,False,False,False,False,False,True,800,501,59.4,192.89,161.21,31.68,16.42,80.67,15560.35,2555.49,10,45,3.7
2024-07-09,2024,7,9,Tuesday,28,Breakfast,Poha,3.7,Rainy,22.3,False,False,False,False,False,True,800,503,62.46,193.66,162.64,31.02,16.02,101.53,19660.97,3149.18,9,78,4.08
2024-07-09,2024,7,9,Tuesday,28,Lunch,Roti-Paneer,4.0,Rainy,22.3,False,False,False,False,False,True,800,772,80.22,297.22,241.01,56.21,18.91,147.28,43775.44,8278.27,9,90,3.98
2024-07-09,2024,7,9,Tuesday,28,Dinner,Rice-Rajma,3.8,Rainy,22.3,False,False,False,False,False,True,800,540,68.21,207.9,161.48,46.42,22.33,96.2,20000.62,4465.77,12,71,4.03
2024-07-10,2024,7,10,Wednesday,28,Breakfast,Upma,3.5,Rainy,27.4,False,False,False,False,False,True,800,441,58.52,169.78,146.24,23.55,13.87,85.94,14591.86,2023.55,8,77,3.56
2024-07-10,2024,7,10,Wednesday,28,Lunch,Rice-Sambar,3.6,Rainy,27.4,False,False,False,False,False,True,800,577,72.48,222.15,188.22,33.93,15.27,85.24,18935.23,2891.99,12,48,3.77
2024-07-10,2024,7,10,Wednesday,28,Dinner,Paratha-Paneer,4.1,Rainy,27.4,False,False,False,False,False,True,800,640,70.22,246.4,212.0,34.4,13.96,96.57,23795.84,3322.29,10,65,4.34
2024-07-11,2024,7,11,Thursday,28,Breakfast,Dosa,4.6,Rainy,22.1,False,False,False,False,False,True,800,636,69.52,244.86,207.73,37.13,15.16,102.84,25180.82,3818.56,11,62,4.38
2024-07-11,2024,7,11,Thursday,28,Lunch,Biryani,4.8,Rainy,22.1,False,False,False,False,False,True,800,736,87.18,283.36,243.27,40.09,14.15,89.53,25368.61,3589.53,12,51,4.48
2024-07-11,2024,7,11,Thursday,28,Dinner,Rice-Curd-Pickle,3.2,Rainy,22.1,False,False,False,False,False,True,800,438,57.39,168.63,132.82,35.81,21.23,112.62,18991.76,4032.51,11,52,3.53
2024-07-12,2024,7,12,Friday,28,Breakfast,Paratha-Curry,3.7,Sunny,25.9,False,False,False,False,False,True,800,407,47.32,156.69,124.04,32.65,20.84,101.58,15917.32,3317.12,10,52,3.68
2024-07-12,2024,7,12,Friday,28,Lunch,Chole-Bhature,4.5,Sunny,25.9,False,False,False,False,False,True,800,556,66.3,214.06,181.13,32.93,15.39,101.3,21683.22,3336.07,12,47,4.3
2024-07-12,2024,7,12,Friday,28,Dinner,Noodles,4.2,Sunny,25.9,False,False,False,False,False,True,800,388,55.58,149.38,127.06,22.32,14.94,90.38,13501.36,2017.14,9,67,4.17
2024-07-13,2024,7,13,Saturday,28,Breakfast,Bread-Omelette,3.9,Rainy,21.8,False,False,True,False,False,True,800,357,45.74,137.44,109.94,27.5,20.01,137.41,18885.81,3779.15,9,46,4.21
2024-07-13,2024,7,13,Saturday,28,Lunch,Fried Rice,4.2,Rainy,21.8,False,False,True,False,False,True,800,465,58.62,179.03,152.25,26.78,14.96,118.92,21289.07,3184.46,12,60,4.03
2024-07-13,2024,7,13,Saturday,28,Dinner,Roti-Paneer,4.0,Rainy,21.8,False,False,True,False,False,True,800,418,49.91,160.93,125.85,35.08,21.8,135.57,21816.75,4756.23,8,45,3.88
2024-07-14,2024,7,14,Sunday,28,Breakfast,Puri-Bhaji,4.3,Cloudy,24.5,False,False,True,False,False,True,800,289,40.6,111.27,88.23,23.04,20.71,93.87,10444.37,2162.66,11,68,4.37
2024-07-14,2024,7,14,Sunday,28,Lunch,Rice-Chicken,4.7,Cloudy,24.5,False,False,True,False,False,True,800,433,52.7,166.7,143.03,23.68,14.2,85.88,14317.09,2033.58,12,61,4.75
2024-07-14,2024,7,14,Sunday,28,Dinner,Khichdi,3.0,Cloudy,24.5,False,False,True,False,False,True,800,283,33.75,108.96,84.94,24.02,22.05,149.8,16321.6,3598.19,9,86,3.35
2024-07-15,2024,7,15,Monday,29,Breakfast,Idli-Sambar,3.9,Rainy,25.7,False,False,False,False,False,True,800,541,62.37,208.28,178.09,30.2,14.5,138.05,28754.77,4169.24,10,52,3.8
2024-07-15,2024,7,15,Monday,29,Lunch,Rice-Dal-Sabzi,3.4,Rainy,25.7,False,False,False,False,False,True,800,585,68.72,225.23,183.48,41.75,18.54,91.76,20666.48,3830.82,12,72,3.8
2024-07-15,2024,7,15,Monday,29,Dinner,Roti-Dal,3.3,Rainy,25.7,False,False,False,False,False,True,800,492,59.4,189.42,153.17,36.25,19.14,82.06,15544.52,2974.66,11,56,3.52
2024-07-16,2024,7,16,Tuesday,29,Breakfast,Poha,3.7,Sunny,23.8,False,False,False,False,False,True,800,393,56.78,151.31,120.7,30.61,20.23,111.22,16828.26,3403.93,9,47,3.92
2024-07-16,2024,7,16,Tuesday,29,Lunch,Roti-Paneer,4.0,Sunny,23.8,False,False,False,False,False,True,800,603,72.93,232.16,192.41,39.74,17.12,125.31,29091.22,4979.95,11,71,4.25
2024-07-16,2024,7,16,Tuesday,29,Dinner,Rice-Rajma,3.8,Sunny,23.8,False,False,False,False,False,True,800,504,62.01,194.04,158.39,35.65,18.37,86.14,16714.7,3070.9,11,53,3.9
2024-07-17,2024,7,17,Wednesday,29,Breakfast,Upma,3.5,Cloudy,24.8,False,False,False,False,False,True,800,381,53.2,146.69,123.98,22.71,15.48,97.44,14293.04,2212.56,12,46,3.95
2024-07-17,2024,7,17,Wednesday,29,Lunch,Rice-Sambar,3.6,Cloudy,24.8,False,False,False,False,False,True,800,481,65.89,185.19,156.26,28.92,15.62,105.14,19469.95,3041.0,12,76,3.72
2024-07-17,2024,7,17,Wednesday,29,Dinner,Paratha-Paneer,4.1,Cloudy,24.8,False,False,False,False,False,True,800,552,63.84,212.52,175.15,37.37,17.58,102.51,21785.92,3831.05,10,56,3.93
2024-07-18,2024,7,18,Thursday,29,Breakfast,Dosa,4.6,Cloudy,23.9,False,False,False,False,False,True,800,532,63.2,204.82,158.82,46.0,22.46,136.75,28008.78,6291.02,10,48,4.63
2024-07-18,2024,7,18,Thursday,29,Lunch,Biryani,4.8,Cloudy,23.9,False,False,False,False,False,True,800,635,79.25,244.48,199.4,45.08,18.44,105.02,25674.84,4734.24,12,59,4.85
2024-07-18,2024,7,18,Thursday,29,Dinner,Rice-Curd-Pickle,3.2,Cloudy,23.9,False,False,False,False,False,True,800,417,52.17,160.54,125.52,35.03,21.82,125.98,20225.54,4412.6,10,79,3.66
2024-07-19,2024,7,19,Friday,29,Breakfast,Paratha-Curry,3.7,Sunny,26.8,False,False,False,False,False,True,800,362,47.32,139.37,108.4,30.97,22.22,149.75,20870.3,4637.17,9,81,4.02
2024-07-19,2024,7,19,Friday,29,Lunch,Chole-Bhature,4.5,Sunny,26.8,False,False,False,False,False,True,800,534,66.3,205.59,173.77,31.82,15.48,104.84,21553.3,3336.08,9,56,4.31
2024-07-19,2024,7,19,Friday,29,Dinner,Noodles,4.2,Sunny,26.8,False,False,False,False,False,True,800,427,55.58,164.4,131.79,32.61,19.84,131.67,21645.46,4293.66,10,82,4.0
2024-07-20,2024,7,20,Saturday,29,Breakfast,Bread-Omelette,3.9,Cloudy,22.7,False,False,True,False,False,True,800,323,41.58,124.36,106.8,17.55,14.11,119.45,14854.51,2096.43,12,57,4.16
2024-07-20,2024,7,20,Saturday,29,Lunch,Fried Rice,4.2,Cloudy,22.7,False,False,True,False,False,True,800,433,53.3,166.7,141.1,25.61,15.36,147.93,24660.19,3787.8,12,64,4.07
2024-07-20,2024,7,20,Saturday,29,Dinner,Roti-Paneer,4.0,Cloudy,22.7,False,False,True,False,False,True,800,349,45.38,134.37,104.29,30.07,22.38,83.93,11277.49,2524.14,12,59,3.86
2024-07-21,2024,7,21,Sunday,29,Breakfast,Puri-Bhaji,4.3,Rainy,27.8,False,False,True,False,False,True,800,331,44.66,127.44,102.32,25.12,19.71,122.99,15673.16,3089.42,9,66,4.38
2024-07-21,2024,7,21,Sunday,29,Lunch,Rice-Chicken,4.7,Rainy,27.8,False,False,True,False,False,True,800,456,57.97,175.56,150.32,25.24,14.37,139.1,24420.38,3510.36,10,48,4.35
2024-07-21,2024,7,21,Sunday,29,Dinner,Khichdi,3.0,Rainy,27.8,False,False,True,False,False,True,800,286,37.12,110.11,90.96,19.15,17.39,144.21,15878.49,2761.98,8,78,3.54
2024-07-22,2024,7,22,Monday,30,Breakfast,Idli-Sambar,3.9,Sunny,28.3,False,False,False,False,False,True,800,460,56.7,177.1,142.86,34.24,19.33,145.93,25845.02,4996.1,11,82,3.83
2024-07-22,2024,7,22,Monday,30,Lunch,Rice-Dal-Sabzi,3.4,Sunny,28.3,False,False,False,False,False,True,800,540,62.47,207.9,166.35,41.55,19.98,89.55,18617.78,3720.57,9,72,3.79
2024-07-22,2024,7,22,Monday,30,Dinner,Roti-Dal,3.3,Sunny,28.3,False,False,False,False,False,True,800,380,54.0,146.3,125.83,20.47,13.99,125.44,18352.26,2568.21,9,90,3.8
2024-07-23,2024,7,23,Tuesday,30,Breakfast,Poha,3.7,Cloudy,24.8,False,False,False,False,False,True,800,486,56.78,187.11,160.38,26.73,14.28,135.09,25276.58,3610.31,9,87,3.91
2024-07-23,2024,7,23,Tuesday,30,Lunch,Roti-Paneer,4.0,Cloudy,24.8,False,False,False,False,False,True,800,586,72.93,225.61,177.93,47.68,21.13,101.48,22894.37,4838.3,10,53,3.93
2024-07-23,2024,7,23,Tuesday,30,Dinner,Rice-Rajma,3.8,Cloudy,24.8,False,False,False,False,False,True,800,538,62.01,207.13,160.09,47.04,22.71,129.14,26748.89,6074.92,12,70,4.09
2024-07-24,2024,7,24,Wednesday,30,Breakfast,Upma,3.5,Cloudy,22.4,False,False,False,False,False,True,800,472,53.2,181.72,149.79,31.93,17.57,92.75,16853.75,2960.92,10,84,3.6
2024-07-24,2024,7,24,Wednesday,30,Lunch,Rice-Sambar,3.6,Cloudy,22.4,False,False,False,False,False,True,800,623,65.89,239.85,197.67,42.18,17.59,145.57,34915.25,6140.16,9,66,3.91
2024-07-24,2024,7,24,Wednesday,30,Dinner,Paratha-Paneer,4.1,Cloudy,22.4,False,False,False,False,False,True,800,495,63.84,190.58,151.39,39.19,20.56,148.77,28351.19,5830.05,9,85,4.32
2024-07-25,2024,7,25,Thursday,30,Breakfast,Dosa,4.6,Rainy,22.7,False,False,False,False,False,True,800,620,69.52,238.7,199.83,38.87,16.28,124.74,29774.77,4847.97,10,73,4.28
2024-07-25,2024,7,25,Thursday,30,Lunch,Biryani,4.8,Rainy,22.7,False,False,False,False,False,True,800,785,87.18,302.23,239.3,62.93,20.82,128.52,38842.66,8087.45,10,61,4.76
2024-07-25,2024,7,25,Thursday,30,Dinner,Rice-Curd-Pickle,3.2,Rainy,22.7,False,False,False,False,False,True,800,439,57.39,169.01,141.67,27.34,16.18,83.37,14090.83,2279.62,11,71,3.73
2024-07-26,2024,7,26,Friday,30,Breakfast,Paratha-Curry,3.7,Sunny,22.7,False,False,False,False,False,True,800,369,47.32,142.07,116.15,25.92,18.24,106.51,15131.33,2760.67,12,69,3.69
2024-07-26,2024,7,26,Friday,30,Lunch,Chole-Bhature,4.5,Sunny,22.7,False,False,False,False,False,True,800,472,66.3,181.72,148.34,33.38,18.37,140.48,25528.67,4689.18,9,55,4.4
2024-07-26,2024,7,26,Friday,30,Dinner,Noodles,4.2,Sunny,22.7,False,False,False,False,False,True,800,411,55.58,158.24,133.77,24.47,15.46,82.34,13028.9,2014.51,8,65,4.11
2024-07-27,2024,7,27,Saturday,30,Breakfast,Bread-Omelette,3.9,Rainy,21.0,False,False,True,False,False,True,800,342,45.74,131.67,105.84,25.83,19.62,142.16,18717.57,3672.37,9,49,4.03
2024-07-27,2024,7,27,Saturday,30,Lunch,Fried Rice,4.2,Rainy,21.0,False,False,True,False,False,True,800,466,58.62,179.41,153.28,26.13,14.56,86.52,15522.07,2260.4,12,84,4.39
2024-07-27,2024,7,27,Saturday,30,Dinner,Roti-Paneer,4.0,Rainy,21.0,False,False,True,False,False,True,800,406,49.91,156.31,130.8,25.51,16.32,110.19,17224.21,2811.45,9,83,4.25
2024-07-28,2024,7,28,Sunday,30,Breakfast,Puri-Bhaji,4.3,Rainy,28.7,False,False,True,False,False,True,800,328,44.66,126.28,98.74,27.54,21.81,94.39,11919.38,2599.23,9,71,4.37
2024-07-28,2024,7,28,Sunday,30,Lunch,Rice-Chicken,4.7,Rainy,28.7,False,False,True,False,False,True,800,499,57.97,192.11,161.06,31.05,16.16,131.1,25185.93,4070.87,10,87,4.47
2024-07-28,2024,7,28,Sunday,30,Dinner,Khichdi,3.0,Rainy,28.7,False,False,True,False,False,True,800,291,37.12,112.03,88.99,23.04,20.57,83.47,9352.06,1923.51,12,80,3.53
2024-07-29,2024,7,29,Monday,31,Breakfast,Idli-Sambar,3.9,Rainy,23.9,False,False,False,False,False,True,800,524,62.37,201.74,162.51,39.23,19.45,109.93,22177.77,4312.91,10,87,4.06
2024-07-29,2024,7,29,Monday,31,Lunch,Rice-Dal-Sabzi,3.4,Rainy,23.9,False,False,False,False,False,True,800,499,68.72,192.11,156.84,35.27,18.36,86.79,16673.48,3061.36,9,55,3.72
2024-07-29,2024,7,29,Monday,31,Dinner,Roti-Dal,3.3,Rainy,23.9,False,False,False,False,False,True,800,489,59.4,188.26,162.2,26.07,13.84,113.15,21302.17,2949.27,8,64,3.71
2024-07-30,2024,7,30,Tuesday,31,Breakfast,Poha,3.7,Rainy,24.5,False,False,False,False,False,True,800,518,62.46,199.43,170.33,29.1,14.59,98.55,19653.89,2867.9,12,69,3.72
2024-07-30,2024,7,30,Tuesday,31,Lunch,Roti-Paneer,4.0,Rainy,24.5,False,False,False,False,False,True,800,655,80.22,252.17,215.16,37.01,14.68,105.86,26694.77,3918.08,11,47,3.97
2024-07-30,2024,7,30,Tuesday,31,Dinner,Rice-Rajma,3.8,Rainy,24.5,False,False,False,False,False,True,800,652,68.21,251.02,204.58,46.44,18.5,95.84,24056.99,4450.42,10,81,3.74
2024-07-31,2024,7,31,Wednesday,31,Breakfast,Upma,3.5,Cloudy,22.1,False,False,False,False,False,True,800,406,53.2,156.31,130.27,26.04,16.66,86.0,13442.58,2239.45,10,79,3.69
2024-07-31,2024,7,31,Wednesday,31,Lunch,Rice-Sambar,3.6,Cloudy,22.1,False,False,False,False,False,True,800,500,65.89,192.5,161.99,30.51,15.85,95.93,18465.73,2926.89,8,69,3.94
2024-07-31,2024,7,31,Wednesday,31,Dinner,Paratha-Paneer,4.1,Cloudy,22.1,False,False,False,False,False,True,800,487,63.84,187.5,152.02,35.48,18.92,117.49,22028.04,4168.04,11,81,4.32
2024-08-01,2024,8,1,Thursday,31,Breakfast,Dosa,4.6,Rainy,22.1,False,False,False,True,False,True,800,578,66.04,222.53,173.55,48.98,22.01,143.19,31865.05,7013.34,8,77,4.53
2024-08-01,2024,8,1,Thursday,31,Lunch,Biryani,4.8,Rainy,22.1,False,False,False,True,False,True,800,737,82.82,283.75,232.59,51.16,18.03,120.0,34050.53,6138.95,12,54,4.46
2024-08-01,2024,8,1,Thursday,31,Dinner,Rice-Curd-Pickle,3.2,Rainy,22.1,False,False,False,True,False,True,800,416,54.52,160.16,134.78,25.38,15.84,92.1,14750.98,2337.11,9,58,3.65
2024-08-02,2024,8,2,Friday,31,Breakfast,Paratha-Curry,3.7,Rainy,21.5,False,False,False,True,False,True,800,409,49.45,157.46,127.74,29.73,18.88,149.18,23490.57,4434.65,11,57,4.09
2024-08-02,2024,8,2,Friday,31,Lunch,Chole-Bhature,4.5,Rainy,21.5,False,False,False,True,False,True,800,529,69.28,203.66,168.99,34.67,17.03,138.39,28184.7,4798.51,10,65,4.61
2024-08-02,2024,8,2,Friday,31,Dinner,Noodles,4.2,Rainy,21.5,False,False,False,True,False,True,800,487,58.08,187.5,160.46,27.03,14.42,84.69,15879.11,2289.23,11,80,4.17
2024-08-03,2024,8,3,Saturday,31,Breakfast,Bread-Omelette,3.9,Rainy,24.6,False,False,True,True,False,True,800,304,43.45,117.04,93.38,23.66,20.22,112.07,13116.79,2651.74,8,89,4.06
2024-08-03,2024,8,3,Saturday,31,Lunch,Fried Rice,4.2,Rainy,24.6,False,False,True,True,False,True,800,500,55.69,192.5,157.89,34.61,17.98,109.37,21054.03,3784.82,11,54,4.06
2024-08-03,2024,8,3,Saturday,31,Dinner,Roti-Paneer,4.0,Rainy,24.6,False,False,True,True,False,True,800,433,47.42,166.7,137.73,28.98,17.38,133.09,22186.17,3856.49,8,51,4.1
2024-08-04,2024,8,4,Sunday,31,Breakfast,Puri-Bhaji,4.3,Rainy,22.2,False,False,True,True,False,True,800,328,42.43,126.28,100.86,25.42,20.13,117.49,14837.19,2986.2,10,71,4.18
2024-08-04,2024,8,4,Sunday,31,Lunch,Rice-Chicken,4.7,Rainy,22.2,False,False,True,True,False,True,800,450,55.07,173.25,144.19,29.06,16.77,120.04,20797.21,3488.66,11,47,4.42
2024-08-04,2024,8,4,Sunday,31,Dinner,Khichdi,3.0,Rainy,22.2,False,False,True,True,False,True,800,289,35.27,111.27,90.05,21.21,19.06,123.28,13716.43,2614.88,11,47,3.33
2024-08-05,2024,8,5,Monday,32,Breakfast,Idli-Sambar,3.9,Sunny,26.0,False,False,False,True,False,True,800,499,53.86,192.11,160.51,31.6,16.45,83.45,16032.07,2637.26,11,62,4.18
2024-08-05,2024,8,5,Monday,32,Lunch,Rice-Dal-Sabzi,3.4,Sunny,26.0,False,False,False,True,False,True,800,467,59.35,179.8,139.26,40.53,22.54,137.22,24670.93,5561.65,10,64,3.56
2024-08-05,2024,8,5,Monday,32,Dinner,Roti-Dal,3.3,Sunny,26.0,False,False,False,True,False,True,800,383,51.3,147.45,120.53,26.92,18.26,128.73,18982.29,3465.79,8,59,3.42
2024-08-06,2024,8,6,Tuesday,32,Breakfast,Poha,3.7,Sunny,19.9,False,False,False,True,False,True,800,405,53.94,155.93,126.77,29.16,18.7,137.81,21487.66,4017.98,10,71,3.91
2024-08-06,2024,8,6,Tuesday,32,Lunch,Roti-Paneer,4.0,Sunny,19.9,False,False,False,True,False,True,800,552,69.28,212.52,165.95,46.57,21.92,110.92,23572.75,5166.1,11,76,4.19
2024-08-06,2024,8,6,Tuesday,32,Dinner,Rice-Rajma,3.8,Sunny,19.9,False,False,False,True,False,True,800,538,58.91,207.13,176.38,30.75,14.84,137.47,28474.41,4226.67,12,55,3.74
2024-08-07,2024,8,7,Wednesday,32,Breakfast,Upma,3.5,Cloudy,22.4,False,False,False,True,False,True,800,411,50.54,158.24,128.08,30.16,19.06,134.64,21304.15,4060.6,12,81,3.51
2024-08-07,2024,8,7,Wednesday,32,Lunch,Rice-Sambar,3.6,Cloudy,22.4,False,False,False,True,False,True,800,499,62.6,192.11,151.82,40.3,20.97,138.31,26570.48,5573.13,8,60,3.58
2024-08-07,2024,8,7,Wednesday,32,Dinner,Paratha-Paneer,4.1,Cloudy,22.4,False,False,False,True,False,True,800,531,60.65,204.44,158.91,45.52,22.27,105.23,21511.93,4790.2,9,62,4.09
2024-08-08,2024,8,8,Thursday,32,Breakfast,Dosa,4.6,Rainy,31.6,False,False,False,True,False,True,800,505,66.04,194.43,157.25,37.17,19.12,144.62,28116.8,5375.57,8,60,4.44
2024-08-08,2024,8,8,Thursday,32,Lunch,Biryani,4.8,Rainy,31.6,False,False,False,True,False,True,800,636,82.82,244.86,202.43,42.43,17.33,92.43,22632.62,3921.53,11,82,4.66
2024-08-08,2024,8,8,Thursday,32,Dinner,Rice-Curd-Pickle,3.2,Rainy,31.6,False,False,False,True,False,True,800,472,54.52,181.72,146.11,35.61,19.6,138.64,25192.89,4937.24,10,89,3.33
2024-08-09,2024,8,9,Friday,32,Breakfast,Paratha-Curry,3.7,Rainy,26.0,False,False,False,True,False,True,800,453,49.45,174.41,135.55,38.85,22.28,139.77,24376.15,5430.01,9,59,3.93
2024-08-09,2024,8,9,Friday,32,Lunch,Chole-Bhature,4.5,Rainy,26.0,False,False,False,True,False,True,800,579,69.28,222.91,185.99,36.93,16.57,98.84,22031.99,3649.91,11,77,4.21
2024-08-09,2024,8,9,Friday,32,Dinner,Noodles,4.2,Rainy,26.0,False,False,False,True,False,True,800,450,58.08,173.25,146.16,27.09,15.63,133.73,23168.74,3622.11,8,75,4.4
2024-08-10,2024,8,10,Saturday,32,Breakfast,Bread-Omelette,3.9,Cloudy,25.8,False,False,True,True,False,True,800,344,39.5,132.44,109.58,22.86,17.26,80.59,10673.67,1842.53,10,83,4.14
2024-08-10,2024,8,10,Saturday,32,Lunch,Fried Rice,4.2,Cloudy,25.8,False,False,True,True,False,True,800,431,50.63,165.94,132.83,33.1,19.95,147.69,24507.22,4889.28,10,72,4.39
2024-08-10,2024,8,10,Saturday,32,Dinner,Roti-Paneer,4.0,Cloudy,25.8,False,False,True,True,False,True,800,357,43.11,137.44,116.85,20.6,14.99,112.13,15411.69,2309.53,9,74,3.99
2024-08-11,2024,8,11,Sunday,32,Breakfast,Puri-Bhaji,4.3,Cloudy,27.2,False,False,True,True,False,True,800,336,38.57,129.36,107.29,22.07,17.06,120.91,15641.45,2668.14,8,77,4.51
2024-08-11,2024,8,11,Sunday,32,Lunch,Rice-Chicken,4.7,Cloudy,27.2,False,False,True,True,False,True,800,444,50.07,170.94,147.11,23.83,13.94,138.76,23719.03,3306.68,12,86,4.61
2024-08-11,2024,8,11,Sunday,32,Dinner,Khichdi,3.0,Cloudy,27.2,False,False,True,True,False,True,800,269,32.06,103.56,82.69,20.88,20.16,127.91,13246.89,2670.24,11,49,3.3
2024-08-12,2024,8,12,Monday,33,Breakfast,Idli-Sambar,3.9,Rainy,23.5,False,False,False,True,False,True,800,479,59.25,184.41,147.95,36.46,19.77,99.38,18327.52,3623.62,10,57,3.85
2024-08-12,2024,8,12,Monday,33,Lunch,Rice-Dal-Sabzi,3.4,Rainy,23.5,False,False,False,True,False,True,800,572,65.29,220.22,185.49,34.73,15.77,142.98,31486.64,4964.94,12,70,3.73
2024-08-12,2024,8,12,Monday,33,Dinner,Roti-Dal,3.3,Rainy,23.5,False,False,False,True,False,True,800,421,56.43,162.09,135.28,26.81,16.54,130.49,21150.44,3497.98,11,63,3.48
2024-08-13,2024,8,13,Tuesday,33,Breakfast,Poha,3.7,Rainy,25.1,False,True,False,True,False,True,800,183,23.74,70.45,56.93,13.53,19.2,82.47,5810.59,1115.49,12,57,3.79
2024-08-13,2024,8,13,Tuesday,33,Lunch,Roti-Paneer,4.0,Rainy,25.1,False,True,False,True,False,True,800,243,30.48,93.56,78.36,15.2,16.24,128.04,11978.99,1945.64,11,87,4.01
2024-08-13,2024,8,13,Tuesday,33,Dinner,Rice-Rajma,3.8,Rainy,25.1,False,True,False,True,False,True,800,228,25.92,87.78,70.23,17.55,20.0,91.9,8066.9,1613.24,12,56,3.84
2024-08-14,2024,8,14,Wednesday,33,Breakfast,Upma,3.5,Rainy,24.6,False,True,False,True,False,True,800,177,22.24,68.14,57.25,10.9,15.99,130.76,8910.85,1424.99,12,56,3.93
2024-08-14,2024,8,14,Wednesday,33,Lunch,Rice-Sambar,3.6,Rainy,24.6,False,True,False,True,False,True,800,196,27.54,75.46,64.48,10.98,14.55,125.81,9493.65,1381.25,9,67,3.67
2024-08-14,2024,8,14,Wednesday,33,Dinner,Paratha-Paneer,4.1,Rainy,24.6,False,True,False,True,False,True,800,225,26.69,86.62,73.8,12.82,14.81,109.43,9479.64,1403.48,10,68,4.04
2024-08-15,2024,8,15,Thursday,33,Breakfast,Dosa,4.6,Rainy,25.9,False,True,False,False,False,True,800,260,27.81,100.1,85.1,15.0,14.99,112.94,11305.05,1694.51,12,82,4.69
2024-08-15,2024,8,15,Thursday,33,Lunch,Biryani,4.8,Rainy,25.9,False,True,False,False,False,True,800,271,34.87,104.34,81.3,23.04,22.08,142.26,14842.68,3277.24,12,52,4.8
2024-08-15,2024,8,15,Thursday,33,Dinner,Rice-Curd-Pickle,3.2,Rainy,25.9,False,True,False,False,False,True,800,186,22.95,71.61,57.82,13.79,19.26,100.88,7224.37,1391.24,8,54,3.35
2024-08-16,2024,8,16,Friday,33,Breakfast,Paratha-Curry,3.7,Rainy,24.7,False,True,False,False,False,True,800,186,20.82,71.61,58.0,13.61,19.01,119.86,8583.05,1631.41,11,54,3.78
2024-08-16,2024,8,16,Friday,33,Lunch,Chole-Bhature,4.5,Rainy,24.7,False,True,False,False,False,True,800,231,29.17,88.94,74.51,14.43,16.22,134.53,11964.06,1940.71,11,66,4.48
2024-08-16,2024,8,16,Friday,33,Dinner,Noodles,4.2,Rainy,24.7,False,True,False,False,False,True,800,199,24.45,76.61,60.43,16.18,21.12,124.41,9532.05,2013.15,8,73,4.11
2024-08-17,2024,8,17,Saturday,33,Breakfast,Bread-Omelette,3.9,Cloudy,25.8,False,True,True,False,False,True,800,134,16.63,51.59,40.66,10.93,21.19,133.51,6887.98,1459.87,11,50,3.84
2024-08-17,2024,8,17,Saturday,33,Lunch,Fried Rice,4.2,Cloudy,25.8,False,True,True,False,False,True,800,163,21.32,62.76,50.97,11.79,18.78,110.06,6906.73,1297.39,11,75,4.16
2024-08-17,2024,8,17,Saturday,33,Dinner,Roti-Paneer,4.0,Cloudy,25.8,False,True,True,False,False,True,800,147,18.15,56.59,43.93,12.67,22.38,93.96,5317.61,1190.31,10,45,4.25
2024-08-18,2024,8,18,Sunday,33,Breakfast,Puri-Bhaji,4.3,Cloudy,27.2,False,False,True,False,False,True,800,297,40.6,114.34,93.88,20.47,17.9,81.25,9291.0,1663.06,8,85,4.39
2024-08-18,2024,8,18,Sunday,33,Lunch,Rice-Chicken,4.7,Cloudy,27.2,False,False,True,False,False,True,800,425,52.7,163.62,129.8,33.82,20.67,141.39,23134.77,4782.03,10,53,4.39
2024-08-18,2024,8,18,Sunday,33,Dinner,Khichdi,3.0,Cloudy,27.2,False,False,True,False,False,True,800,254,33.75,97.79,80.04,17.75,18.15,101.43,9918.65,1800.38,8,47,3.28
2024-08-19,2024,8,19,Monday,34,Breakfast,Idli-Sambar,3.9,Rainy,27.6,False,False,False,False,False,True,800,437,62.37,168.25,141.14,27.11,16.11,121.75,20483.14,3299.96,10,72,4.18
2024-08-19,2024,8,19,Monday,34,Lunch,Rice-Dal-Sabzi,3.4,Rainy,27.6,False,False,False,False,False,True,800,524,68.72,201.74,174.15,27.59,13.68,103.99,20979.2,2869.44,11,67,3.77
2024-08-19,2024,8,19,Monday,34,Dinner,Roti-Dal,3.3,Rainy,27.6,False,False,False,False,False,True,800,489,59.4,188.26,148.3,39.97,21.23,143.48,27012.75,5734.36,11,46,3.46
2024-08-20,2024,8,20,Tuesday,34,Breakfast,Poha,3.7,Cloudy,28.7,False,False,False,False,False,True,800,451,56.78,173.64,136.24,37.39,21.53,131.39,22813.1,4912.68,12,77,3.72
2024-08-20,2024,8,20,Tuesday,34,Lunch,Roti-Paneer,4.0,Cloudy,28.7,False,False,False,False,False,True,800,557,72.93,214.44,172.85,41.59,19.39,125.54,26920.96,5221.22,8,69,4.24
2024-08-20,2024,8,20,Tuesday,34,Dinner,Rice-Rajma,3.8,Cloudy,28.7,False,False,False,False,False,True,800,570,62.01,219.45,174.68,44.77,20.4,117.43,25770.31,5257.64,8,83,4.16
2024-08-21,2024,8,21,Wednesday,34,Breakfast,Upma,3.5,Cloudy,19.7,False,False,False,False,False,True,800,350,53.2,134.75,112.13,22.62,16.79,81.38,10966.21,1840.76,8,71,3.7
2024-08-21,2024,8,21,Wednesday,34,Lunch,Rice-Sambar,3.6,Cloudy,19.7,False,False,False,False,False,True,800,545,65.89,209.83,164.5,45.33,21.6,97.69,20498.16,4428.36,9,58,3.88
2024-08-21,2024,8,21,Wednesday,34,Dinner,Paratha-Paneer,4.1,Cloudy,19.7,False,False,False,False,False,True,800,489,63.84,188.26,156.27,32.0,17.0,101.08,19029.48,3234.47,8,87,4.15
2024-08-22,2024,8,22,Thursday,34,Breakfast,Dosa,4.6,Cloudy,20.9,False,False,False,False,False,True,800,533,63.2,205.2,171.64,33.57,16.36,109.32,22432.56,3669.3,8,77,4.59
2024-08-22,2024,8,22,Thursday,34,Lunch,Biryani,4.8,Cloudy,20.9,False,False,False,False,False,True,800,646,79.25,248.71,194.85,53.86,21.66,87.98,21881.72,4738.92,8,76,4.5
2024-08-22,2024,8,22,Thursday,34,Dinner,Rice-Curd-Pickle,3.2,Cloudy,20.9,False,False,False,False,False,True,800,398,52.17,153.23,121.19,32.04,20.91,98.41,15079.3,3153.29,12,57,3.45
2024-08-23,2024,8,23,Friday,34,Breakfast,Paratha-Curry,3.7,Rainy,20.2,False,False,False,False,False,True,800,445,52.05,171.33,134.89,36.44,21.27,118.37,20279.69,4313.35,9,89,4.06
2024-08-23,2024,8,23,Friday,34,Lunch,Chole-Bhature,4.5,Rainy,20.2,False,False,False,False,False,True,800,613,72.93,236.0,189.46,46.54,19.72,80.19,18925.63,3732.47,8,52,4.58
2024-08-23,2024,8,23,Friday,34,Dinner,Noodles,4.2,Rainy,20.2,False,False,False,False,False,True,800,485,61.13,186.73,155.64,31.08,16.65,90.44,16887.43,2810.96,8,77,4.02
2024-08-24,2024,8,24,Saturday,34,Breakfast,Bread-Omelette,3.9,Cloudy,29.5,False,False,True,False,False,True,800,303,41.58,116.66,99.74,16.92,14.5,125.1,14593.96,2116.42,11,63,3.9
2024-08-24,2024,8,24,Saturday,34,Lunch,Fried Rice,4.2,Cloudy,29.5,False,False,True,False,False,True,800,374,53.3,143.99,111.92,32.07,22.27,136.92,19715.47,4391.03,8,63,4.15
2024-08-24,2024,8,24,Saturday,34,Dinner,Roti-Paneer,4.0,Cloudy,29.5,False,False,True,False,False,True,800,342,45.38,131.67,109.85,21.82,16.57,109.82,14459.96,2396.72,8,51,4.23
2024-08-25,2024,8,25,Sunday,34,Breakfast,Puri-Bhaji,4.3,Sunny,23.9,False,False,True,False,False,True,800,330,40.6,127.05,98.29,28.76,22.64,89.69,11394.81,2579.71,9,66,4.22
2024-08-25,2024,8,25,Sunday,34,Lunch,Rice-Chicken,4.7,Sunny,23.9,False,False,True,False,False,True,800,412,52.7,158.62,128.88,29.74,18.75,123.53,19593.77,3673.45,8,68,4.71
2024-08-25,2024,8,25,Sunday,34,Dinner,Khichdi,3.0,Sunny,23.9,False,False,True,False,False,True,800,277,33.75,106.64,84.18,22.46,21.06,108.05,11523.46,2427.4,11,62,3.53
2024-08-26,2024,8,26,Monday,35,Breakfast,Idli-Sambar,3.9,Cloudy,20.2,False,False,False,False,False,True,800,505,56.7,194.43,158.69,35.73,18.38,109.52,21293.77,3913.71,9,52,3.84
2024-08-26,2024,8,26,Monday,35,Lunch,Rice-Dal-Sabzi,3.4,Cloudy,20.2,False,False,False,False,False,True,800,495,62.47,190.58,159.85,30.73,16.12,148.71,28340.38,4569.47,9,51,3.62
2024-08-26,2024,8,26,Monday,35,Dinner,Roti-Dal,3.3,Cloudy,20.2,False,False,False,False,False,True,800,470,54.0,180.95,149.54,31.41,17.36,136.16,24637.89,4276.35,11,56,3.64
2024-08-27,2024,8,27,Tuesday,35,Breakfast,Poha,3.7,Cloudy,25.0,False,False,False,False,False,True,800,470,56.78,180.95,149.88,31.07,17.17,140.38,25401.82,4361.36,9,75,4.05
2024-08-27,2024,8,27,Tuesday,35,Lunch,Roti-Paneer,4.0,Cloudy,25.0,False,False,False,False,False,True,800,609,72.93,234.47,183.58,50.88,21.7,108.79,25507.42,5535.26,8,49,3.97
2024-08-27,2024,8,27,Tuesday,35,Dinner,Rice-Rajma,3.8,Cloudy,25.0,False,False,False,False,False,True,800,513,62.01,197.5,158.26,39.25,19.87,129.32,25541.3,5075.2,12,81,4.04
2024-08-28,2024,8,28,Wednesday,35,Breakfast,Upma,3.5,Rainy,25.9,False,False,False,False,False,True,800,517,58.52,199.05,171.1,27.94,14.04,141.12,28089.24,3943.32,12,78,3.81
2024-08-28,2024,8,28,Wednesday,35,Lunch,Rice-Sambar,3.6,Rainy,25.9,False,False,False,False,False,True,800,588,72.48,226.38,187.65,38.73,17.11,110.3,24969.57,4271.52,9,75,3.73
2024-08-28,2024,8,28,Wednesday,35,Dinner,Paratha-Paneer,4.1,Rainy,25.9,False,False,False,False,False,True,800,592,70.22,227.92,190.13,37.79,16.58,106.94,24374.08,4041.01,12,84,3.94
2024-08-29,2024,8,29,Thursday,35,Breakfast,Dosa,4.6,Cloudy,23.7,False,False,False,False,False,True,800,563,63.2,216.75,170.58,46.17,21.3,139.42,30219.81,6437.02,11,55,4.3
2024-08-29,2024,8,29,Thursday,35,Lunch,Biryani,4.8,Cloudy,23.7,False,False,False,False,False,True,800,599,79.25,230.61,188.51,42.11,18.26,96.86,22337.93,4078.4,10,48,4.64
2024-08-29,2024,8,29,Thursday,35,Dinner,Rice-Curd-Pickle,3.2,Cloudy,23.7,False,False,False,False,False,True,800,477,52.17,183.65,151.1,32.55,17.72,106.5,19559.04,3466.4,9,50,3.5
2024-08-30,2024,8,30,Friday,35,Breakfast,Paratha-Curry,3.7,Sunny,23.9,False,False,False,False,False,True,800,334,47.32,128.59,104.6,23.99,18.65,139.96,17997.62,3357.21,11,65,3.69
2024-08-30,2024,8,30,Friday,35,Lunch,Chole-Bhature,4.5,Sunny,23.9,False,False,False,False,False,True,800,535,66.3,205.98,168.48,37.5,18.21,125.74,25898.5,4715.0,8,70,4.39
2024-08-30,2024,8,30,Friday,35,Dinner,Noodles,4.2,Sunny,23.9,False,False,False,False,False,True,800,419,55.58,161.31,132.82,28.49,17.66,80.01,12907.12,2279.71,8,83,4.42
2024-08-31,2024,8,31,Saturday,35,Breakfast,Bread-Omelette,3.9,Cloudy,26.5,False,False,True,False,False,True,800,314,41.58,120.89,103.2,17.69,14.64,119.36,14429.83,2111.86,11,66,3.94
2024-08-31,2024,8,31,Saturday,35,Lunch,Fried Rice,4.2,Cloudy,26.5,False,False,True,False,False,True,800,410,53.3,157.85,122.75,35.1,22.23,95.6,15091.13,3355.34,11,66,4.24
2024-08-31,2024,8,31,Saturday,35,Dinner,Roti-Paneer,4.0,Cloudy,26.5,False,False,True,False,False,True,800,308,45.38,118.58,98.31,20.27,17.09,113.12,13413.69,2292.82,10,90,4.05
2024-09-01,2024,9,1,Sunday,35,Breakfast,Puri-Bhaji,4.3,Rainy,22.6,False,False,True,False,False,True,800,287,44.66,110.49,92.0,18.49,16.74,80.15,8856.59,1482.34,10,85,4.49
2024-09-01,2024,9,1,Sunday,35,Lunch,Rice-Chicken,4.7,Rainy,22.6,False,False,True,False,False,True,800,404,57.97,155.54,124.32,31.22,20.07,116.54,18126.47,3638.5,8,47,4.74
2024-09-01,2024,9,1,Sunday,35,Dinner,Khichdi,3.0,Rainy,22.6,False,False,True,False,False,True,800,315,37.12,121.28,99.14,22.13,18.25,137.53,16678.79,3044.0,11,51,3.26
2024-09-02,2024,9,2,Monday,36,Breakfast,Idli-Sambar,3.9,Rainy,26.4,False,False,False,False,False,True,800,514,62.37,197.89,155.09,42.8,21.63,139.65,27636.05,5977.56,9,74,4.15
2024-09-02,2024,9,2,Monday,36,Lunch,Rice-Dal-Sabzi,3.4,Rainy,26.4,False,False,False,False,False,True,800,506,68.72,194.81,153.91,40.9,20.99,103.66,20193.1,4239.49,11,47,3.85
2024-09-02,2024,9,2,Monday,36,Dinner,Roti-Dal,3.3,Rainy,26.4,False,False,False,False,False,True,800,473,59.4,182.1,154.58,27.52,15.11,121.22,22074.18,3336.28,11,74,3.66
2024-09-03,2024,9,3,Tuesday,36,Breakfast,Poha,3.7,Sunny,24.0,False,False,False,False,False,True,800,411,56.78,158.24,124.21,34.03,21.5,114.92,18184.05,3910.17,12,48,3.89
2024-09-03,2024,9,3,Tuesday,36,Lunch,Roti-Paneer,4.0,Sunny,24.0,False,False,False,False,False,True,800,653,72.93,251.41,204.16,47.25,18.79,120.96,30409.56,5714.76,12,56,4.16
2024-09-03,2024,9,3,Tuesday,36,Dinner,Rice-Rajma,3.8,Sunny,24.0,False,False,False,False,False,True,800,530,62.01,204.05,160.9,43.15,21.15,137.07,27968.54,5914.96,8,69,4.01
2024-09-04,2024,9,4,Wednesday,36,Breakfast,Upma,3.5,Cloudy,23.3,False,False,False,False,False,True,800,425,53.2,163.62,131.22,32.4,19.8,141.7,23185.23,4591.0,11,83,3.91
2024-09-04,2024,9,4,Wednesday,36,Lunch,Rice-Sambar,3.6,Cloudy,23.3,False,False,False,False,False,True,800,535,65.89,205.98,173.44,32.54,15.8,99.15,20422.77,3226.1,10,63,3.77
2024-09-04,2024,9,4,Wednesday,36,Dinner,Paratha-Paneer,4.1,Cloudy,23.3,False,False,False,False,False,True,800,426,63.84,164.01,128.72,35.29,21.51,108.89,17859.41,3842.42,12,64,4.3
2024-09-05,2024,9,5,Thursday,36,Breakfast,Dosa,4.6,Cloudy,23.3,False,False,False,False,False,True,800,477,63.2,183.65,147.15,36.5,19.87,131.58,24163.51,4802.15,12,85,4.37
2024-09-05,2024,9,5,Thursday,36,Lunch,Biryani,4.8,Cloudy,23.3,False,False,False,False,False,True,800,583,79.25,224.46,177.72,46.73,20.82,130.01,29180.7,6075.65,10,88,4.47
2024-09-05,2024,9,5,Thursday,36,Dinner,Rice-Curd-Pickle,3.2,Cloudy,23.3,False,False,False,False,False,True,800,407,52.17,156.69,131.2,25.49,16.27,148.26,23232.0,3779.64,9,77,3.53
2024-09-06,2024,9,6,Friday,36,Breakfast,Paratha-Curry,3.7,Cloudy,29.4,False,False,False,False,False,True,800,397,47.32,152.84,127.98,24.87,16.27,133.25,20367.25,3313.65,12,75,3.9
2024-09-06,2024,9,6,Friday,36,Lunch,Chole-Bhature,4.5,Cloudy,29.4,False,False,False,False,False,True,800,505,66.3,194.43,166.9,27.53,14.16,129.71,25218.61,3570.33,12,63,4.59
2024-09-06,2024,9,6,Friday,36,Dinner,Noodles,4.2,Cloudy,29.4,False,False,False,False,False,True,800,464,55.58,178.64,144.9,33.74,18.89,80.89,14450.89,2729.4,8,46,4.16
2024-09-07,2024,9,7,Saturday,36,Breakfast,Bread-Omelette,3.9,Rainy,28.2,False,False,True,False,False,True,800,391,45.74,150.53,117.1,33.44,22.21,98.69,14856.07,3299.93,9,63,4.09
2024-09-07,2024,9,7,Saturday,36,Lunch,Fried Rice,4.2,Rainy,28.2,False,False,True,False,False,True,800,470,58.62,180.95,142.23,38.72,21.4,84.34,15261.74,3265.42,10,58,4.33
2024-09-07,2024,9,7,Saturday,36,Dinner,Roti-Paneer,4.0,Rainy,28.2,False,False,True,False,False,True,800,378,49.91,145.53,112.88,32.65,22.43,136.98,19934.97,4472.13,8,84,4.24
2024-09-08,2024,9,8,Sunday,36,Breakfast,Puri-Bhaji,4.3,Cloudy,26.1,False,False,True,False,False,True,800,334,40.6,128.59,109.47,19.12,14.87,131.97,16969.88,2522.59,12,69,4.17
2024-09-08,2024,9,8,Sunday,36,Lunch,Rice-Chicken,4.7,Cloudy,26.1,False,False,True,False,False,True,800,451,52.7,173.64,146.55,27.08,15.6,135.92,23600.04,3680.95,10,89,4.64
2024-09-08,2024,9,8,Sunday,36,Dinner,Khichdi,3.0,Cloudy,26.1,False,False,True,False,False,True,800,283,33.75,108.96,93.37,15.59,14.3,107.13,11672.22,1669.67,10,80,3.17
2024-09-09,2024,9,9,Monday,37,Breakfast,Idli-Sambar,3.9,Cloudy,27.1,False,False,False,False,False,True,800,433,56.7,166.7,131.9,34.81,20.88,140.82,23475.31,4901.89,11,59,4.19
2024-09-09,2024,9,9,Monday,37,Lunch,Rice-Dal-Sabzi,3.4,Cloudy,27.1,False,False,False,False,False,True,800,551,62.47,212.14,177.51,34.62,16.32,125.33,26587.78,4339.54,12,79,3.76
2024-09-09,2024,9,9,Monday,37,Dinner,Roti-Dal,3.3,Cloudy,27.1,False,False,False,False,False,True,800,438,54.0,168.63,133.32,35.31,20.94,130.74,22047.36,4616.98,9,63,3.56
2024-09-10,2024,9,10,Tuesday,37,Breakfast,Poha,3.7,Sunny,30.2,False,False,False,False,False,True,800,428,56.78,164.78,128.45,36.33,22.05,147.37,24284.17,5354.73,12,52,3.81
2024-09-10,2024,9,10,Tuesday,37,Lunch,Roti-Paneer,4.0,Sunny,30.2,False,False,False,False,False,True,800,663,72.93,255.25,207.19,48.07,18.83,118.96,30365.62,5718.38,9,55,4.11
2024-09-10,2024,9,10,Tuesday,37,Dinner,Rice-Rajma,3.8,Sunny,30.2,False,False,False,False,False,True,800,503,62.01,193.66,154.13,39.52,20.41,103.14,19973.46,4076.37,9,47,3.78
2024-09-11,2024,9,11,Wednesday,37,Breakfast,Upma,3.5,Rainy,22.0,False,False,False,False,False,True,800,449,58.52,172.86,134.38,38.49,22.26,145.27,25111.53,5591.07,12,87,3.64
2024-09-11,2024,9,11,Wednesday,37,Lunch,Rice-Sambar,3.6,Rainy,22.0,False,False,False,False,False,True,800,564,72.48,217.14,183.38,33.76,15.55,118.51,25733.52,4000.61,8,90,3.71
2024-09-11,2024,9,11,Wednesday,37,Dinner,Paratha-Paneer,4.1,Rainy,22.0,False,False,False,False,False,True,800,580,70.22,223.3,177.02,46.28,20.73,92.87,20738.06,4298.51,8,77,3.99
2024-09-12,2024,9,12,Thursday,37,Breakfast,Dosa,4.6,Cloudy,25.6,False,False,False,False,False,True,800,481,63.2,185.19,149.89,35.3,19.06,104.46,19344.09,3686.95,9,87,4.42
2024-09-12,2024,9,12,Thursday,37,Lunch,Biryani,4.8,Cloudy,25.6,False,False,False,False,False,True,800,632,79.25,243.32,196.0,47.32,19.45,95.29,23186.25,4509.1,12,78,4.62
2024-09-12,2024,9,12,Thursday,37,Dinner,Rice-Curd-Pickle,3.2,Cloudy,25.6,False,False,False,False,False,True,800,488,52.17,187.88,154.77,33.11,17.62,132.65,24922.16,4392.34,8,52,3.59
2024-09-13,2024,9,13,Friday,37,Breakfast,Paratha-Curry,3.7,Rainy,29.2,False,False,False,False,False,True,800,430,52.05,165.55,141.54,24.01,14.5,122.96,20355.88,2952.53,12,60,4.07
2024-09-13,2024,9,13,Friday,37,Lunch,Chole-Bhature,4.5,Rainy,29.2,False,False,False,False,False,True,800,584,72.93,224.84,187.69,37.15,16.52,102.47,23038.36,3806.46,8,69,4.32
2024-09-13,2024,9,13,Friday,37,Dinner,Noodles,4.2,Rainy,29.2,False,False,False,False,False,True,800,493,61.13,189.81,159.16,30.65,16.15,81.73,15512.65,2504.62,12,68,4.22
2024-09-14,2024,9,14,Saturday,37,Breakfast,Bread-Omelette,3.9,Cloudy,25.8,False,False,True,False,False,True,800,304,41.58,117.04,95.62,21.42,18.3,100.75,11791.82,2158.11,9,65,4.01
2024-09-14,2024,9,14,Saturday,37,Lunch,Fried Rice,4.2,Cloudy,25.8,False,False,True,False,False,True,800,417,53.3,160.54,137.9,22.65,14.11,91.72,14724.81,2077.25,12,79,3.99
2024-09-14,2024,9,14,Saturday,37,Dinner,Roti-Paneer,4.0,Cloudy,25.8,False,False,True,False,False,True,800,314,45.38,120.89,94.13,26.76,22.13,126.92,15343.78,3395.9,9,88,4.04
2024-09-15,2024,9,15,Sunday,37,Breakfast,Puri-Bhaji,4.3,Rainy,25.2,False,False,True,False,False,True,800,375,44.66,144.38,118.62,25.75,17.84,129.19,18652.1,3327.27,11,86,4.43
2024-09-15,2024,9,15,Sunday,37,Lunch,Rice-Chicken,4.7,Rainy,25.2,False,False,True,False,False,True,800,445,57.97,171.33,133.51,37.81,22.07,128.02,21933.55,4841.09,8,74,4.66
2024-09-15,2024,9,15,Sunday,37,Dinner,Khichdi,3.0,Rainy,25.2,False,False,True,False,False,True,800,334,37.12,128.59,99.81,28.78,22.38,85.13,10946.53,2450.15,9,61,3.4
2024-09-16,2024,9,16,Monday,38,Breakfast,Idli-Sambar,3.9,Cloudy,20.3,False,False,False,False,False,True,800,399,56.7,153.61,121.88,31.73,20.66,98.11,15070.45,3113.22,11,73,4.06
2024-09-16,2024,9,16,Monday,38,Lunch,Rice-Dal-Sabzi,3.4,Cloudy,20.3,False,False,False,False,False,True,800,507,62.47,195.19,158.52,36.68,18.79,81.18,15846.39,2977.65,8,79,3.43
2024-09-16,2024,9,16,Monday,38,Dinner,Roti-Dal,3.3,Cloudy,20.3,False,False,False,False,False,True,800,468,54.0,180.18,151.03,29.15,16.18,84.43,15211.99,2461.18,12,47,3.68
2024-09-17,2024,9,17,Tuesday,38,Breakfast,Poha,3.7,Rainy,29.1,False,False,False,False,False,True,800,480,62.46,184.8,158.39,26.41,14.29,87.43,16156.97,2308.91,10,83,3.68
2024-09-17,2024,9,17,Tuesday,38,Lunch,Roti-Paneer,4.0,Rainy,29.1,False,False,False,False,False,True,800,696,80.22,267.96,225.7,42.26,15.77,110.64,29646.38,4675.3,11,87,3.86
2024-09-17,2024,9,17,Tuesday,38,Dinner,Rice-Rajma,3.8,Rainy,29.1,False,False,False,False,False,True,800,543,68.21,209.06,164.51,44.54,21.31,95.39,19941.88,4248.85,11,79,3.84
2024-09-18,2024,9,18,Wednesday,38,Breakfast,Upma,3.5,Cloudy,23.5,False,False,False,False,False,True,800,455,53.2,175.18,140.11,35.07,20.02,142.09,24890.35,4982.47,10,45,3.75
2024-09-18,2024,9,18,Wednesday,38,Lunch,Rice-Sambar,3.6,Cloudy,23.5,False,False,False,False,False,True,800,554,65.89,213.29,175.58,37.71,17.68,88.63,18903.14,3342.3,8,81,3.84
2024-09-18,2024,9,18,Wednesday,38,Dinner,Paratha-Paneer,4.1,Cloudy,23.5,False,False,False,False,False,True,800,445,63.84,171.33,140.75,30.57,17.84,146.29,25062.89,4472.24,10,58,4.26
2024-09-19,2024,9,19,Thursday,38,Breakfast,Dosa,4.6,Sunny,28.4,False,False,False,False,False,True,800,560,63.2,215.6,173.34,42.26,19.6,108.89,23475.78,4601.57,12,54,4.34
2024-09-19,2024,9,19,Thursday,38,Lunch,Biryani,4.8,Sunny,28.4,False,False,False,False,False,True,800,602,79.25,231.77,183.75,48.02,20.72,138.43,32084.47,6647.94,9,52,4.49
2024-09-19,2024,9,19,Thursday,38,Dinner,Rice-Curd-Pickle,3.2,Sunny,28.4,False,False,False,False,False,True,800,430,52.17,165.55,139.96,25.59,15.46,139.66,23120.31,3573.85,12,74,3.58
2024-09-20,2024,9,20,Friday,38,Breakfast,Paratha-Curry,3.7,Rainy,25.5,False,False,False,False,False,True,800,424,52.05,163.24,136.11,27.13,16.62,97.55,15923.76,2646.69,9,82,3.86
2024-09-20,2024,9,20,Friday,38,Lunch,Chole-Bhature,4.5,Rainy,25.5,False,False,False,False,False,True,800,557,72.93,214.44,172.16,42.29,19.72,88.98,19080.26,3762.54,9,51,4.33
2024-09-20,2024,9,20,Friday,38,Dinner,Noodles,4.2,Rainy,25.5,False,False,False,False,False,True,800,462,61.13,177.87,138.57,39.3,22.09,93.54,16638.83,3675.96,11,73,4.14
2024-09-21,2024,9,21,Saturday,38,Breakfast,Bread-Omelette,3.9,Cloudy,23.9,False,False,True,False,False,True,800,363,41.58,139.75,116.8,22.95,16.42,90.67,12671.26,2081.01,12,68,4.14
2024-09-21,2024,9,21,Saturday,38,Lunch,Fried Rice,4.2,Cloudy,23.9,False,False,True,False,False,True,800,444,53.3,170.94,146.99,23.95,14.01,91.8,15693.11,2198.95,10,60,4.34
2024-09-21,2024,9,21,Saturday,38,Dinner,Roti-Paneer,4.0,Cloudy,23.9,False,False,True,False,False,True,800,352,45.38,135.52,113.49,22.03,16.25,124.86,16920.85,2750.1,10,68,3.91
2024-09-22,2024,9,22,Sunday,38,Breakfast,Puri-Bhaji,4.3,Cloudy,26.3,False,False,True,False,False,True,800,250,40.6,96.25,82.06,14.19,14.75,112.4,10818.44,1595.34,10,64,4.28
2024-09-22,2024,9,22,Sunday,38,Lunch,Rice-Chicken,4.7,Cloudy,26.3,False,False,True,False,False,True,800,459,52.7,176.72,138.3,38.41,21.74,125.19,22122.71,4809.01,8,62,4.73
2024-09-22,2024,9,22,Sunday,38,Dinner,Khichdi,3.0,Cloudy,26.3,False,False,True,False,False,True,800,232,33.75,89.32,70.16,19.16,21.45,117.7,10513.26,2255.57,10,85,3.18
2024-09-23,2024,9,23,Monday,39,Breakfast,Idli-Sambar,3.9,Rainy,22.9,False,False,False,False,False,True,800,453,62.37,174.41,135.06,39.34,22.56,115.5,20144.21,4544.11,8,82,4.04
2024-09-23,2024,9,23,Monday,39,Lunch,Rice-Dal-Sabzi,3.4,Rainy,22.9,False,False,False,False,False,True,800,492,68.72,189.42,159.62,29.8,15.73,94.89,17974.68,2828.23,8,80,3.55
2024-09-23,2024,9,23,Monday,39,Dinner,Roti-Dal,3.3,Rainy,22.9,False,False,False,False,False,True,800,519,59.4,199.81,170.64,29.17,14.6,117.78,23533.69,3435.95,9,68,3.54
2024-09-24,2024,9,24,Tuesday,39,Breakfast,Poha,3.7,Sunny,22.6,False,False,False,False,False,True,800,466,56.78,179.41,148.25,31.16,17.37,140.0,25117.67,4362.25,9,74,3.87
2024-09-24,2024,9,24,Tuesday,39,Lunch,Roti-Paneer,4.0,Sunny,22.6,False,False,False,False,False,True,800,580,72.93,223.3,174.39,48.91,21.9,105.47,23551.58,5158.75,8,87,3.96
2024-09-24,2024,9,24,Tuesday,39,Dinner,Rice-Rajma,3.8,Sunny,22.6,False,False,False,False,False,True,800,514,62.01,197.89,170.26,27.63,13.96,148.73,29432.13,4109.79,9,77,3.77
2024-09-25,2024,9,25,Wednesday,39,Breakfast,Upma,3.5,Rainy,24.2,False,False,False,False,False,True,800,419,58.52,161.31,132.96,28.36,17.58,119.61,19294.38,3391.68,9,75,3.92
2024-09-25,2024,9,25,Wednesday,39,Lunch,Rice-Sambar,3.6,Rainy,24.2,False,False,False,False,False,True,800,625,72.48,240.63,186.82,53.8,22.36,133.3,32076.05,7172.15,9,49,3.69
2024-09-25,2024,9,25,Wednesday,39,Dinner,Paratha-Paneer,4.1,Rainy,24.2,False,False,False,False,False,True,800,538,70.22,207.13,164.46,42.67,20.6,126.8,26264.29,5410.4,12,68,4.09
2024-09-26,2024,9,26,Thursday,39,Breakfast,Dosa,4.6,Sunny,19.3,False,False,False,False,False,True,800,487,63.2,187.5,159.91,27.59,14.71,82.79,15523.34,2283.97,10,51,4.59
2024-09-26,2024,9,26,Thursday,39,Lunch,Biryani,4.8,Sunny,19.3,False,False,False,False,False,True,800,710,79.25,273.35,224.18,49.17,17.99,138.08,37742.88,6789.01,10,82,4.65
2024-09-26,2024,9,26,Thursday,39,Dinner,Rice-Curd-Pickle,3.2,Sunny,19.3,False,False,False,False,False,True,800,445,52.17,171.33,135.1,36.23,21.15,125.76,21545.36,4556.16,10,82,3.58
2024-09-27,2024,9,27,Friday,39,Breakfast,Paratha-Curry,3.7,Sunny,23.0,False,False,False,False,False,True,800,367,47.32,141.29,115.82,25.48,18.03,106.34,15025.74,2709.19,9,78,3.82
2024-09-27,2024,9,27,Friday,39,Lunch,Chole-Bhature,4.5,Sunny,23.0,False,False,False,False,False,True,800,516,66.3,198.66,168.27,30.39,15.3,104.15,20690.89,3165.26,11,83,4.2
2024-09-27,2024,9,27,Friday,39,Dinner,Noodles,4.2,Sunny,23.0,False,False,False,False,False,True,800,517,55.58,199.05,169.77,29.28,14.71,110.79,22052.77,3243.69,9,49,4.22
2024-09-28,2024,9,28,Saturday,39,Breakfast,Bread-Omelette,3.9,Rainy,25.1,False,False,True,False,False,True,800,377,45.74,145.15,114.14,31.01,21.36,91.02,13210.37,2821.93,12,90,4.15
2024-09-28,2024,9,28,Saturday,39,Lunch,Fried Rice,4.2,Rainy,25.1,False,False,True,False,False,True,800,506,58.62,194.81,162.24,32.57,16.72,109.02,21238.76,3550.52,10,52,4.21
2024-09-28,2024,9,28,Saturday,39,Dinner,Roti-Paneer,4.0,Rainy,25.1,False,False,True,False,False,True,800,406,49.91,156.31,127.59,28.72,18.37,94.75,14810.26,2721.3,9,86,4.23
2024-09-29,2024,9,29,Sunday,39,Breakfast,Puri-Bhaji,4.3,Rainy,23.2,False,False,True,False,False,True,800,351,44.66,135.13,104.95,30.18,22.34,120.14,16235.67,3626.24,9,53,4.34
2024-09-29,2024,9,29,Sunday,39,Lunch,Rice-Chicken,4.7,Rainy,23.2,False,False,True,False,False,True,800,460,57.97,177.1,137.48,39.62,22.37,120.06,21262.42,4756.61,8,55,4.46
2024-09-29,2024,9,29,Sunday,39,Dinner,Khichdi,3.0,Rainy,23.2,False,False,True,False,False,True,800,296,37.12,113.96,89.93,24.03,21.09,147.08,16760.86,3534.96,12,81,3.44
2024-09-30,2024,9,30,Monday,40,Breakfast,Idli-Sambar,3.9,Sunny,26.2,False,False,False,False,False,True,800,454,56.7,174.79,146.63,28.16,16.11,137.49,24032.09,3871.41,8,58,3.98
2024-09-30,2024,9,30,Monday,40,Lunch,Rice-Dal-Sabzi,3.4,Sunny,26.2,False,False,False,False,False,True,800,528,62.47,203.28,175.43,27.85,13.7,140.71,28603.77,3919.3,9,59,3.8
2024-09-30,2024,9,30,Monday,40,Dinner,Roti-Dal,3.3,Sunny,26.2,False,False,False,False,False,True,800,429,54.0,165.16,136.65,28.52,17.27,135.62,22400.19,3867.42,9,84,3.66
2024-10-01,2024,10,1,Tuesday,40,Breakfast,Poha,3.7,Sunny,28.2,False,False,False,False,False,False,800,381,56.78,146.69,123.0,23.68,16.14,103.99,15253.33,2462.46,11,83,3.91
2024-10-01,2024,10,1,Tuesday,40,Lunch,Roti-Paneer,4.0,Sunny,28.2,False,False,False,False,False,False,800,625,72.93,240.63,190.96,49.66,20.64,106.98,25742.62,5312.78,8,46,3.94
2024-10-01,2024,10,1,Tuesday,40,Dinner,Rice-Rajma,3.8,Sunny,28.2,False,False,False,False,False,False,800,509,62.01,195.97,166.74,29.22,14.91,115.31,22595.78,3369.66,11,54,3.98
2024-10-02,2024,10,2,Wednesday,40,Breakfast,Upma,3.5,Sunny,31.0,False,False,False,False,False,False,800,326,53.2,125.51,107.27,18.24,14.53,121.99,15310.58,2224.76,12,77,3.84
2024-10-02,2024,10,2,Wednesday,40,Lunch,Rice-Sambar,3.6,Sunny,31.0,False,False,False,False,False,False,800,615,65.89,236.78,184.97,51.81,21.88,126.16,29870.94,6535.79,12,79,3.94
2024-10-02,2024,10,2,Wednesday,40,Dinner,Paratha-Paneer,4.1,Sunny,31.0,False,False,False,False,False,False,800,504,63.84,194.04,165.76,28.28,14.57,134.24,26048.11,3795.99,11,78,4.11
2024-10-03,2024,10,3,Thursday,40,Breakfast,Dosa,4.6,Cloudy,31.3,False,False,False,False,False,False,800,462,63.2,177.87,148.73,29.14,16.39,110.03,19570.49,3206.64,11,69,4.43
2024-10-03,2024,10,3,Thursday,40,Lunch,Biryani,4.8,Cloudy,31.3,False,False,False,False,False,False,800,665,79.25,256.02,216.57,39.46,15.41,143.55,36752.42,5664.48,12,51,4.6
2024-10-03,2024,10,3,Thursday,40,Dinner,Rice-Curd-Pickle,3.2,Cloudy,31.3,False,False,False,False,False,False,800,381,52.17,146.69,116.74,29.94,20.41,133.61,19598.6,4000.75,8,63,3.56
2024-10-04,2024,10,4,Friday,40,Breakfast,Paratha-Curry,3.7,Sunny,26.1,False,False,False,False,False,False,800,435,47.32,167.48,133.34,34.14,20.38,80.38,13462.12,2744.06,8,81,3.88
2024-10-04,2024,10,4,Friday,40,Lunch,Chole-Bhature,4.5,Sunny,26.1,False,False,False,False,False,False,800,521,66.3,200.59,164.48,36.11,18.0,106.25,21312.58,3836.73,9,89,4.56
2024-10-04,2024,10,4,Friday,40,Dinner,Noodles,4.2,Sunny,26.1,False,False,False,False,False,False,800,451,55.58,173.64,140.63,33.01,19.01,87.46,15186.26,2886.98,11,86,4.25
2024-10-05,2024,10,5,Saturday,40,Breakfast,Bread-Omelette,3.9,Sunny,30.6,False,False,True,False,False,False,800,345,41.58,132.82,109.11,23.71,17.85,119.53,15876.16,2834.47,12,62,4.23
2024-10-05,2024,10,5,Saturday,40,Lunch,Fried Rice,4.2,Sunny,30.6,False,False,True,False,False,False,800,431,53.3,165.94,134.22,31.72,19.11,94.26,15640.79,2989.59,12,80,4.21
2024-10-05,2024,10,5,Saturday,40,Dinner,Roti-Paneer,4.0,Sunny,30.6,False,False,True,False,False,False,800,373,45.38,143.6,115.8,27.8,19.36,118.84,17066.56,3304.38,10,64,4.11
2024-10-06,2024,10,6,Sunday,40,Breakfast,Puri-Bhaji,4.3,Cloudy,35.2,False,False,True,False,False,False,800,322,40.6,123.97,100.28,23.69,19.11,89.66,11115.74,2123.99,8,59,4.26
2024-10-06,2024,10,6,Sunday,40,Lunch,Rice-Chicken,4.7,Cloudy,35.2,False,False,True,False,False,False,800,427,52.7,164.4,137.48,26.91,16.37,91.33,15013.48,2457.69,9,77,4.52
2024-10-06,2024,10,6,Sunday,40,Dinner,Khichdi,3.0,Cloudy,35.2,False,False,True,False,False,False,800,292,33.75,112.42,90.33,22.09,19.65,118.54,13326.3,2618.69,8,55,3.33
2024-10-07,2024,10,7,Monday,41,Breakfast,Idli-Sambar,3.9,Cloudy,31.3,False,False,False,False,False,False,800,496,56.7,190.96,161.52,29.44,15.41,137.63,26281.42,4051.23,11,83,3.98
2024-10-07,2024,10,7,Monday,41,Lunch,Rice-Dal-Sabzi,3.4,Cloudy,31.3,False,False,False,False,False,False,800,524,62.47,201.74,157.07,44.67,22.14,95.52,19271.0,4267.51,8,83,3.45
2024-10-07,2024,10,7,Monday,41,Dinner,Roti-Dal,3.3,Cloudy,31.3,False,False,False,False,False,False,800,392,54.0,150.92,121.89,29.03,19.23,148.91,22473.7,4322.46,12,86,3.59
2024-10-08,2024,10,8,Tuesday,41,Breakfast,Poha,3.7,Cloudy,32.9,False,False,False,False,False,False,800,412,56.78,158.62,131.19,27.43,17.3,146.2,23190.26,4010.92,9,85,3.86
2024-10-08,2024,10,8,Tuesday,41,Lunch,Roti-Paneer,4.0,Cloudy,32.9,False,False,False,False,False,False,800,597,72.93,229.84,177.83,52.01,22.63,139.54,32072.51,7257.98,12,63,3.94
2024-10-08,2024,10,8,Tuesday,41,Dinner,Rice-Rajma,3.8,Cloudy,32.9,False,False,False,False,False,False,800,466,62.01,179.41,151.42,27.99,15.6,115.74,20764.62,3239.36,9,84,3.79
2024-10-09,2024,10,9,Wednesday,41,Breakfast,Upma,3.5,Sunny,27.8,False,False,False,False,False,False,800,436,53.2,167.86,133.36,34.5,20.55,80.02,13432.18,2760.61,9,50,3.95
2024-10-09,2024,10,9,Wednesday,41,Lunch,Rice-Sambar,3.6,Sunny,27.8,False,False,False,False,False,False,800,540,65.89,207.9,175.39,32.51,15.64,104.72,21771.07,3404.85,11,70,3.83
2024-10-09,2024,10,9,Wednesday,41,Dinner,Paratha-Paneer,4.1,Sunny,27.8,False,False,False,False,False,False,800,527,63.84,202.9,166.33,36.56,18.02,131.58,26697.9,4811.1,8,50,4.17
2024-10-10,2024,10,10,Thursday,41,Breakfast,Dosa,4.6,Cloudy,32.8,False,False,False,False,False,False,800,523,63.2,201.35,165.83,35.53,17.64,120.81,24324.74,4291.96,10,62,4.37
2024-10-10,2024,10,10,Thursday,41,Lunch,Biryani,4.8,Cloudy,32.8,False,False,False,False,False,False,800,621,79.25,239.09,205.68,33.41,13.97,111.83,26737.62,3735.84,11,81,4.41
2024-10-10,2024,10,10,Thursday,41,Dinner,Rice-Curd-Pickle,3.2,Cloudy,32.8,False,False,False,False,False,False,800,449,52.17,172.86,136.33,36.54,21.14,115.44,19954.96,4217.69,12,49,3.52
2024-10-11,2024,10,11,Friday,41,Breakfast,Paratha-Curry,3.7,Sunny,31.6,False,False,False,False,False,False,800,340,47.32,130.9,102.54,28.36,21.66,115.93,15175.25,3287.5,10,79,4.01
2024-10-11,2024,10,11,Friday,41,Lunch,Chole-Bhature,4.5,Sunny,31.6,False,False,False,False,False,False,800,555,66.3,213.68,176.28,37.4,17.5,128.59,27477.2,4808.78,11,81,4.42
2024-10-11,2024,10,11,Friday,41,Dinner,Noodles,4.2,Sunny,31.6,False,False,False,False,False,False,800,468,55.58,180.18,143.21,36.97,20.52,103.78,18698.41,3836.11,11,88,4.2
2024-10-12,2024,10,12,Saturday,41,Breakfast,Bread-Omelette,3.9,Sunny,27.1,False,False,True,False,False,False,800,368,41.58,141.68,109.83,31.85,22.48,88.14,12487.5,2807.02,8,69,4.07
2024-10-12,2024,10,12,Saturday,41,Lunch,Fried Rice,4.2,Sunny,27.1,False,False,True,False,False,False,800,420,53.3,161.7,139.56,22.14,13.69,127.38,20597.98,2819.68,9,65,4.18
2024-10-12,2024,10,12,Saturday,41,Dinner,Roti-Paneer,4.0,Sunny,27.1,False,False,True,False,False,False,800,366,45.38,140.91,113.41,27.5,19.52,117.5,16556.31,3231.35,10,60,3.98
2024-10-13,2024,10,13,Sunday,41,Breakfast,Puri-Bhaji,4.3,Sunny,27.5,False,False,True,False,False,False,800,324,40.6,124.74,104.88,19.86,15.92,103.94,12965.41,2064.11,12,56,4.27
2024-10-13,2024,10,13,Sunday,41,Lunch,Rice-Chicken,4.7,Sunny,27.5,False,False,True,False,False,False,800,384,52.7,147.84,118.99,28.85,19.51,142.6,21082.3,4113.85,10,56,4.77
2024-10-13,2024,10,13,Sunday,41,Dinner,Khichdi,3.0,Sunny,27.5,False,False,True,False,False,False,800,238,33.75,91.63,76.5,15.13,16.52,143.69,13166.77,2174.78,11,57,3.26
2024-10-14,2024,10,14,Monday,42,Breakfast,Idli-Sambar,3.9,Sunny,32.8,False,False,False,False,False,False,800,422,56.7,162.47,129.47,33.0,20.31,96.04,15604.35,3169.95,9,84,3.94
2024-10-14,2024,10,14,Monday,42,Lunch,Rice-Dal-Sabzi,3.4,Sunny,32.8,False,False,False,False,False,False,800,459,62.47,176.72,149.07,27.65,15.65,88.39,15620.1,2443.92,8,88,3.86
2024-10-14,2024,10,14,Monday,42,Dinner,Roti-Dal,3.3,Sunny,32.8,False,False,False,False,False,False,800,357,54.0,137.44,112.36,25.08,18.25,80.46,11059.33,2018.16,12,47,3.74
2024-10-15,2024,10,15,Tuesday,42,Breakfast,Poha,3.7,Sunny,26.1,False,False,False,False,False,False,800,405,56.78,155.93,124.96,30.97,19.86,142.87,22276.77,4424.13,12,62,3.86
2024-10-15,2024,10,15,Tuesday,42,Lunch,Roti-Paneer,4.0,Sunny,26.1,False,False,False,False,False,False,800,659,72.93,253.72,218.76,34.96,13.78,144.12,36565.53,5038.08,10,70,3.95
2024-10-15,2024,10,15,Tuesday,42,Dinner,Rice-Rajma,3.8,Sunny,26.1,False,False,False,False,False,False,800,536,62.01,206.36,170.28,36.08,17.48,83.79,17290.98,3023.3,11,75,4.13
2024-10-16,2024,10,16,Wednesday,42,Breakfast,Upma,3.5,Sunny,25.9,False,False,False,False,False,False,800,501,53.2,192.89,155.14,37.75,19.57,140.23,27047.88,5293.3,9,74,3.94
2024-10-16,2024,10,16,Wednesday,42,Lunch,Rice-Sambar,3.6,Sunny,25.9,False,False,False,False,False,False,800,568,65.89,218.68,182.86,35.82,16.38,112.2,24536.98,4019.06,8,45,3.87
2024-10-16,2024,10,16,Wednesday,42,Dinner,Paratha-Paneer,4.1,Sunny,25.9,False,False,False,False,False,False,800,496,63.84,190.96,154.15,36.81,19.28,87.05,16623.52,3204.67,10,84,4.31
2024-10-17,2024,10,17,Thursday,42,Breakfast,Dosa,4.6,Sunny,20.5,False,False,False,False,False,False,800,597,63.2,229.84,183.1,46.75,20.34,98.86,22722.15,4621.17,12,66,4.43
2024-10-17,2024,10,17,Thursday,42,Lunch,Biryani,4.8,Sunny,20.5,False,False,False,False,False,False,800,563,79.25,216.75,177.32,39.43,18.19,94.74,20534.78,3735.89,10,68,4.79
2024-10-17,2024,10,17,Thursday,42,Dinner,Rice-Curd-Pickle,3.2,Sunny,20.5,False,False,False,False,False,False,800,362,52.17,139.37,111.24,28.13,20.19,92.59,12904.58,2604.81,9,81,3.6
2024-10-18,2024,10,18,Friday,42,Breakfast,Paratha-Curry,3.7,Cloudy,31.1,False,False,False,False,False,False,800,451,47.32,173.64,145.55,28.08,16.17,136.29,23664.04,3827.52,12,72,4.03
2024-10-18,2024,10,18,Friday,42,Lunch,Chole-Bhature,4.5,Cloudy,31.1,False,False,False,False,False,False,800,588,66.3,226.38,178.96,47.42,20.94,136.0,30788.27,6448.57,9,75,4.56
2024-10-18,2024,10,18,Friday,42,Dinner,Noodles,4.2,Cloudy,31.1,False,False,False,False,False,False,800,464,55.58,178.64,140.91,37.73,21.12,114.97,20538.57,4338.11,12,79,4.31
2024-10-19,2024,10,19,Saturday,42,Breakfast,Bread-Omelette,3.9,Cloudy,29.8,False,False,True,False,False,False,800,354,41.58,136.29,109.03,27.26,20.0,119.35,16266.17,3253.18,12,48,3.96
2024-10-19,2024,10,19,Saturday,42,Lunch,Fried Rice,4.2,Cloudy,29.8,False,False,True,False,False,False,800,451,53.3,173.64,145.07,28.56,16.45,84.2,14620.51,2405.02,10,75,4.37
2024-10-19,2024,10,19,Saturday,42,Dinner,Roti-Paneer,4.0,Cloudy,29.8,False,False,True,False,False,False,800,371,45.38,142.84,111.62,31.21,21.85,132.12,18871.58,4123.78,10,68,4.01
2024-10-20,2024,10,20,Sunday,42,Breakfast,Puri-Bhaji,4.3,Sunny,28.3,False,True,True,False,False,False,800,128,16.24,49.28,41.71,7.57,15.36,104.09,5129.55,788.08,11,52,4.22
2024-10-20,2024,10,20,Sunday,42,Lunch,Rice-Chicken,4.7,Sunny,28.3,False,True,True,False,False,False,800,157,21.08,60.45,50.44,10.0,16.55,122.39,7397.88,1224.29,12,81,4.63
2024-10-20,2024,10,20,Sunday,42,Dinner,Khichdi,3.0,Sunny,28.3,False,True,True,False,False,False,800,105,13.5,40.43,33.22,7.21,17.83,148.56,6005.38,1070.9,10,67,3.3
2024-10-21,2024,10,21,Monday,43,Breakfast,Idli-Sambar,3.9,Sunny,22.9,False,True,False,False,False,False,800,179,22.68,68.92,58.11,10.81,15.68,111.29,7669.21,1202.85,8,69,4.06
2024-10-21,2024,10,21,Monday,43,Lunch,Rice-Dal-Sabzi,3.4,Sunny,22.9,False,True,False,False,False,False,800,183,24.99,70.45,57.41,13.04,18.51,146.96,10354.18,1916.7,9,85,3.79
2024-10-21,2024,10,21,Monday,43,Dinner,Roti-Dal,3.3,Sunny,22.9,False,True,False,False,False,False,800,156,21.6,60.06,48.25,11.81,19.66,124.19,7458.8,1466.41,12,70,3.74
2024-10-22,2024,10,22,Tuesday,43,Breakfast,Poha,3.7,Sunny,28.5,False,True,False,False,False,False,800,201,22.71,77.39,60.94,16.45,21.25,95.98,7427.05,1578.59,10,86,3.77
2024-10-22,2024,10,22,Tuesday,43,Lunch,Roti-Paneer,4.0,Sunny,28.5,False,True,False,False,False,False,800,250,29.17,96.25,76.72,19.53,20.3,125.13,12043.29,2444.27,10,73,4.2
2024-10-22,2024,10,22,Tuesday,43,Dinner,Rice-Rajma,3.8,Sunny,28.5,False,True,False,False,False,False,800,173,24.8,66.61,57.15,9.45,14.19,132.35,8815.35,1251.16,12,73,3.9
2024-10-23,2024,10,23,Wednesday,43,Breakfast,Upma,3.5,Sunny,25.0,False,True,False,False,False,False,800,182,21.28,70.07,54.29,15.78,22.52,130.94,9175.25,2066.02,10,89,3.84
2024-10-23,2024,10,23,Wednesday,43,Lunch,Rice-Sambar,3.6,Sunny,25.0,False,True,False,False,False,False,800,193,26.36,74.31,58.84,15.47,20.81,107.79,8009.57,1667.03,8,49,3.99
2024-10-23,2024,10,23,Wednesday,43,Dinner,Paratha-Paneer,4.1,Sunny,25.0,False,True,False,False,False,False,800,200,25.54,77.0,62.81,14.19,18.43,83.77,6450.12,1188.47,11,78,4.26
2024-10-24,2024,10,24,Thursday,43,Breakfast,Dosa,4.6,Sunny,29.7,False,True,False,False,False,False,800,186,25.28,71.61,57.04,14.57,20.34,90.87,6507.14,1323.64,11,64,4.37
2024-10-24,2024,10,24,Thursday,43,Lunch,Biryani,4.8,Sunny,29.7,False,True,False,False,False,False,800,255,31.7,98.18,82.45,15.73,16.02,111.02,10899.51,1746.31,9,53,4.65
2024-10-24,2024,10,24,Thursday,43,Dinner,Rice-Curd-Pickle,3.2,Sunny,29.7,False,True,False,False,False,False,800,148,20.87,56.98,44.91,12.07,21.18,82.46,4698.62,994.99,10,65,3.68
